%YAML 1.1
%TAG !u! tag:unity3d.com,2011:
--- !u!114 &-9090745080297300327
MonoBehaviour:
  m_ObjectHideFlags: 0
  m_CorrespondingSourceObject: {fileID: 0}
  m_PrefabInstance: {fileID: 0}
  m_PrefabAsset: {fileID: 0}
  m_GameObject: {fileID: 0}
  m_Enabled: 1
  m_EditorHideFlags: 0
  m_Script: {fileID: 11500000, guid: 2d2e2731103cdda44af77955a0b4814c, type: 3}
  m_Name: AppRemotingPlugin WSA
  m_EditorClassIdentifier: 
  m_enabled: 0
  nameUi: Holographic Remoting remote app
  version: 1.8.1
  featureIdInternal: com.microsoft.openxr.feature.appremoting
  openxrExtensionStrings: XR_MSFT_holographic_remoting XR_MSFT_holographic_remoting_speech
  company: Microsoft
  priority: -100
  required: 0
--- !u!114 &-8784419621569563126
MonoBehaviour:
  m_ObjectHideFlags: 0
  m_CorrespondingSourceObject: {fileID: 0}
  m_PrefabInstance: {fileID: 0}
  m_PrefabAsset: {fileID: 0}
  m_GameObject: {fileID: 0}
  m_Enabled: 1
  m_EditorHideFlags: 0
  m_Script: {fileID: 11500000, guid: 7de993716e042c6499d0c18eed3a773c, type: 3}
  m_Name: MockRuntime Standalone
  m_EditorClassIdentifier: 
  m_enabled: 0
  nameUi: Mock Runtime
  version: 0.0.2
  featureIdInternal: com.unity.openxr.feature.mockruntime
  openxrExtensionStrings: XR_UNITY_null_gfx XR_UNITY_android_present
  company: Unity
  priority: 0
  required: 0
  ignoreValidationErrors: 0
--- !u!114 &-8508082472873489751
MonoBehaviour:
  m_ObjectHideFlags: 0
  m_CorrespondingSourceObject: {fileID: 0}
  m_PrefabInstance: {fileID: 0}
  m_PrefabAsset: {fileID: 0}
  m_GameObject: {fileID: 0}
  m_Enabled: 1
  m_EditorHideFlags: 0
  m_Script: {fileID: 11500000, guid: 056125dd64c0ed540b40a4af74f7b495, type: 3}
  m_Name: RuntimeDebuggerOpenXRFeature Standalone
  m_EditorClassIdentifier: 
  m_enabled: 0
  nameUi: Runtime Debugger
  version: 1
  featureIdInternal: com.unity.openxr.features.runtimedebugger
  openxrExtensionStrings: 
  company: Unity
  priority: 0
  required: 0
  cacheSize: 1048576
  perThreadCacheSize: 51200
--- !u!114 &-8344341610717869277
MonoBehaviour:
  m_ObjectHideFlags: 0
  m_CorrespondingSourceObject: {fileID: 0}
  m_PrefabInstance: {fileID: 0}
  m_PrefabAsset: {fileID: 0}
  m_GameObject: {fileID: 0}
  m_Enabled: 1
  m_EditorHideFlags: 0
  m_Script: {fileID: 11500000, guid: 0f6bfdbcb316ed242b30a8798c9eb853, type: 3}
  m_Name: KHRSimpleControllerProfile WSA
  m_EditorClassIdentifier: 
  m_enabled: 0
  nameUi: Khronos Simple Controller Profile
  version: 0.0.1
  featureIdInternal: com.unity.openxr.feature.input.khrsimpleprofile
  openxrExtensionStrings: 
  company: Unity
  priority: 0
  required: 0
--- !u!114 &-7821922871081184507
MonoBehaviour:
  m_ObjectHideFlags: 0
  m_CorrespondingSourceObject: {fileID: 0}
  m_PrefabInstance: {fileID: 0}
  m_PrefabAsset: {fileID: 0}
  m_GameObject: {fileID: 0}
  m_Enabled: 1
  m_EditorHideFlags: 0
  m_Script: {fileID: 11500000, guid: 3f8ec2975f18d5e479159feb34b4dc86, type: 3}
  m_Name: MixedRealityFeaturePlugin Standalone
  m_EditorClassIdentifier: 
  m_enabled: 1
  nameUi: Mixed Reality Features
  version: 1.8.1
  featureIdInternal: com.microsoft.openxr.feature.hololens
  openxrExtensionStrings: XR_MSFT_holographic_window_attachment XR_KHR_win32_convert_performance_counter_time
    XR_MSFT_unbounded_reference_space XR_MSFT_spatial_anchor XR_MSFT_secondary_view_configuration
    XR_MSFT_first_person_observer XR_MSFT_spatial_graph_bridge XR_MSFT_perception_anchor_interop
    XR_MSFT_spatial_anchor_persistence XR_MSFT_scene_understanding XR_MSFT_scene_understanding_serialization
    XR_MSFT_spatial_anchor_export_preview XR_MSFT_composition_layer_reprojection
  company: Microsoft
  priority: 0
  required: 1
  disableFirstPersonObserver: 0
  enablePoseUpdateOnBeforeRender: 0
  validationRuleTarget: 0
--- !u!114 &-7236891121583827948
MonoBehaviour:
  m_ObjectHideFlags: 0
  m_CorrespondingSourceObject: {fileID: 0}
  m_PrefabInstance: {fileID: 0}
  m_PrefabAsset: {fileID: 0}
  m_GameObject: {fileID: 0}
  m_Enabled: 1
  m_EditorHideFlags: 0
  m_Script: {fileID: 11500000, guid: 2d2e2731103cdda44af77955a0b4814c, type: 3}
  m_Name: AppRemotingPlugin Standalone
  m_EditorClassIdentifier: 
  m_enabled: 0
  nameUi: Holographic Remoting remote app
  version: 1.8.1
  featureIdInternal: com.microsoft.openxr.feature.appremoting
  openxrExtensionStrings: XR_MSFT_holographic_remoting XR_MSFT_holographic_remoting_speech
  company: Microsoft
  priority: -100
  required: 0
--- !u!114 &-7216347719606049085
MonoBehaviour:
  m_ObjectHideFlags: 0
  m_CorrespondingSourceObject: {fileID: 0}
  m_PrefabInstance: {fileID: 0}
  m_PrefabAsset: {fileID: 0}
  m_GameObject: {fileID: 0}
  m_Enabled: 1
  m_EditorHideFlags: 0
  m_Script: {fileID: 11500000, guid: c4b862ee14fb479fbfe5fffe655d3ed3, type: 3}
  m_Name: MetaQuestTouchProControllerProfile Standalone
  m_EditorClassIdentifier: 
  m_enabled: 0
  nameUi: Meta Quest Touch Pro Controller Profile
  version: 0.0.1
  featureIdInternal: com.unity.openxr.feature.input.metaquestpro
  openxrExtensionStrings: XR_FB_touch_controller_pro
  company: Unity
  priority: 0
  required: 0
--- !u!114 &-7136818787721139130
MonoBehaviour:
  m_ObjectHideFlags: 0
  m_CorrespondingSourceObject: {fileID: 0}
  m_PrefabInstance: {fileID: 0}
  m_PrefabAsset: {fileID: 0}
  m_GameObject: {fileID: 0}
  m_Enabled: 1
  m_EditorHideFlags: 0
  m_Script: {fileID: 11500000, guid: b5a1f07dc5afe854f9f12a4194aca3fb, type: 3}
  m_Name: WSA
  m_EditorClassIdentifier: 
  features:
  - {fileID: -9090745080297300327}
  - {fileID: -2692793220050902956}
  - {fileID: 8809080852217160871}
  - {fileID: 3670137775432271183}
  - {fileID: -5946156119667730289}
  - {fileID: -2235670444836826620}
  - {fileID: -8344341610717869277}
  - {fileID: 7095854593203591302}
  - {fileID: 2125091074322041734}
  - {fileID: -4227654555487586264}
  - {fileID: 6319184088092976828}
  - {fileID: -4010754271421300218}
  - {fileID: 8212853656769502535}
  - {fileID: 913557375253382452}
  - {fileID: -5415892461301165819}
  m_renderMode: 0
  m_depthSubmissionMode: 1
--- !u!114 &-5946156119667730289
MonoBehaviour:
  m_ObjectHideFlags: 0
  m_CorrespondingSourceObject: {fileID: 0}
  m_PrefabInstance: {fileID: 0}
  m_PrefabAsset: {fileID: 0}
  m_GameObject: {fileID: 0}
  m_Enabled: 1
  m_EditorHideFlags: 0
  m_Script: {fileID: 11500000, guid: 3482401f887b8864183e401715462f46, type: 3}
  m_Name: HPMixedRealityControllerProfile WSA
  m_EditorClassIdentifier: 
  m_enabled: 0
  nameUi: HP Reverb G2 Controller Profile
  version: 1.8.1
  featureIdInternal: com.microsoft.openxr.feature.interaction.hpmixedrealitycontroller
  openxrExtensionStrings: XR_EXT_hp_mixed_reality_controller
  company: Microsoft
  priority: 0
  required: 0
--- !u!114 &-5415892461301165819
MonoBehaviour:
  m_ObjectHideFlags: 0
  m_CorrespondingSourceObject: {fileID: 0}
  m_PrefabInstance: {fileID: 0}
  m_PrefabAsset: {fileID: 0}
  m_GameObject: {fileID: 0}
  m_Enabled: 1
  m_EditorHideFlags: 0
  m_Script: {fileID: 11500000, guid: 0d6ccd3d0ef0f1d458e69421dccbdae1, type: 3}
  m_Name: ValveIndexControllerProfile WSA
  m_EditorClassIdentifier: 
  m_enabled: 0
  nameUi: Valve Index Controller Profile
  version: 0.0.1
  featureIdInternal: com.unity.openxr.feature.input.valveindex
  openxrExtensionStrings: 
  company: Unity
  priority: 0
  required: 0
--- !u!114 &-5038489087110554879
MonoBehaviour:
  m_ObjectHideFlags: 0
  m_CorrespondingSourceObject: {fileID: 0}
  m_PrefabInstance: {fileID: 0}
  m_PrefabAsset: {fileID: 0}
  m_GameObject: {fileID: 0}
  m_Enabled: 1
  m_EditorHideFlags: 0
  m_Script: {fileID: 11500000, guid: b5a1f07dc5afe854f9f12a4194aca3fb, type: 3}
  m_Name: WebGL
  m_EditorClassIdentifier: 
  features: []
  m_renderMode: 0
  m_depthSubmissionMode: 0
--- !u!114 &-4227654555487586264
MonoBehaviour:
  m_ObjectHideFlags: 0
  m_CorrespondingSourceObject: {fileID: 0}
  m_PrefabInstance: {fileID: 0}
  m_PrefabAsset: {fileID: 0}
  m_GameObject: {fileID: 0}
  m_Enabled: 1
  m_EditorHideFlags: 0
  m_Script: {fileID: 11500000, guid: 761fdd4502cb7a84e9ec7a2b24f33f37, type: 3}
  m_Name: MicrosoftMotionControllerProfile WSA
  m_EditorClassIdentifier: 
  m_enabled: 1
  nameUi: Microsoft Motion Controller Profile
  version: 0.0.1
  featureIdInternal: com.unity.openxr.feature.input.microsoftmotioncontroller
  openxrExtensionStrings: 
  company: Unity
  priority: 0
  required: 0
--- !u!114 &-4010754271421300218
MonoBehaviour:
  m_ObjectHideFlags: 0
  m_CorrespondingSourceObject: {fileID: 0}
  m_PrefabInstance: {fileID: 0}
  m_PrefabAsset: {fileID: 0}
  m_GameObject: {fileID: 0}
  m_Enabled: 1
  m_EditorHideFlags: 0
  m_Script: {fileID: 11500000, guid: 0c8f1ce8139888c4ab621f6b3c8bb558, type: 3}
  m_Name: MotionControllerFeaturePlugin WSA
  m_EditorClassIdentifier: 
  m_enabled: 1
  nameUi: Motion Controller Model
  version: 1.8.1
  featureIdInternal: com.microsoft.openxr.feature.controller
  openxrExtensionStrings: XR_MSFT_controller_model XR_FB_render_model
  company: Microsoft
  priority: 0
  required: 0
--- !u!114 &-3685281949863023873
MonoBehaviour:
  m_ObjectHideFlags: 0
  m_CorrespondingSourceObject: {fileID: 0}
  m_PrefabInstance: {fileID: 0}
  m_PrefabAsset: {fileID: 0}
  m_GameObject: {fileID: 0}
  m_Enabled: 1
  m_EditorHideFlags: 0
  m_Script: {fileID: 11500000, guid: 0c8f1ce8139888c4ab621f6b3c8bb558, type: 3}
  m_Name: MotionControllerFeaturePlugin Standalone
  m_EditorClassIdentifier: 
  m_enabled: 1
  nameUi: Motion Controller Model
  version: 1.8.1
  featureIdInternal: com.microsoft.openxr.feature.controller
  openxrExtensionStrings: XR_MSFT_controller_model XR_FB_render_model
  company: Microsoft
  priority: 0
  required: 0
--- !u!114 &-3007126789513021257
MonoBehaviour:
  m_ObjectHideFlags: 0
  m_CorrespondingSourceObject: {fileID: 0}
  m_PrefabInstance: {fileID: 0}
  m_PrefabAsset: {fileID: 0}
  m_GameObject: {fileID: 0}
  m_Enabled: 1
  m_EditorHideFlags: 0
  m_Script: {fileID: 11500000, guid: b3cf79659a011bd419c7a2a30eb74e9a, type: 3}
  m_Name: EyeGazeInteraction Standalone
  m_EditorClassIdentifier: 
  m_enabled: 1
  nameUi: Eye Gaze Interaction Profile
  version: 0.0.1
  featureIdInternal: com.unity.openxr.feature.input.eyetracking
  openxrExtensionStrings: XR_EXT_eye_gaze_interaction
  company: Unity
  priority: 0
  required: 0
--- !u!114 &-2955584272067422620
MonoBehaviour:
  m_ObjectHideFlags: 0
  m_CorrespondingSourceObject: {fileID: 0}
  m_PrefabInstance: {fileID: 0}
  m_PrefabAsset: {fileID: 0}
  m_GameObject: {fileID: 0}
  m_Enabled: 1
  m_EditorHideFlags: 0
  m_Script: {fileID: 11500000, guid: 486b5e28864f9a94b979b9620ce5006d, type: 3}
  m_Name: ConformanceAutomationFeature Standalone
  m_EditorClassIdentifier: 
  m_enabled: 0
  nameUi: Conformance Automation
  version: 0.0.1
  featureIdInternal: com.unity.openxr.feature.conformance
  openxrExtensionStrings: XR_EXT_conformance_automation
  company: Unity
  priority: 0
  required: 0
--- !u!114 &-2692793220050902956
MonoBehaviour:
  m_ObjectHideFlags: 0
  m_CorrespondingSourceObject: {fileID: 0}
  m_PrefabInstance: {fileID: 0}
  m_PrefabAsset: {fileID: 0}
  m_GameObject: {fileID: 0}
  m_Enabled: 1
  m_EditorHideFlags: 0
  m_Script: {fileID: 11500000, guid: 486b5e28864f9a94b979b9620ce5006d, type: 3}
  m_Name: ConformanceAutomationFeature WSA
  m_EditorClassIdentifier: 
  m_enabled: 0
  nameUi: Conformance Automation
  version: 0.0.1
  featureIdInternal: com.unity.openxr.feature.conformance
  openxrExtensionStrings: XR_EXT_conformance_automation
  company: Unity
  priority: 0
  required: 0
--- !u!114 &-2235670444836826620
MonoBehaviour:
  m_ObjectHideFlags: 0
  m_CorrespondingSourceObject: {fileID: 0}
  m_PrefabInstance: {fileID: 0}
  m_PrefabAsset: {fileID: 0}
  m_GameObject: {fileID: 0}
  m_Enabled: 1
  m_EditorHideFlags: 0
  m_Script: {fileID: 11500000, guid: 274c02963f889a64e90bc2e596e21d13, type: 3}
  m_Name: HTCViveControllerProfile WSA
  m_EditorClassIdentifier: 
  m_enabled: 0
  nameUi: HTC Vive Controller Profile
  version: 0.0.1
  featureIdInternal: com.unity.openxr.feature.input.htcvive
  openxrExtensionStrings: 
  company: Unity
  priority: 0
  required: 0
--- !u!114 &-1798265894445682268
MonoBehaviour:
  m_ObjectHideFlags: 0
  m_CorrespondingSourceObject: {fileID: 0}
  m_PrefabInstance: {fileID: 0}
  m_PrefabAsset: {fileID: 0}
  m_GameObject: {fileID: 0}
  m_Enabled: 1
  m_EditorHideFlags: 0
  m_Script: {fileID: 11500000, guid: c79c911b38743a649b1c1eddb5097202, type: 3}
  m_Name: HandTrackingFeaturePlugin Standalone
  m_EditorClassIdentifier: 
  m_enabled: 1
  nameUi: Hand Tracking
  version: 1.8.1
  featureIdInternal: com.microsoft.openxr.feature.handtracking
  openxrExtensionStrings: XR_EXT_hand_tracking XR_EXT_hand_joints_motion_range XR_MSFT_hand_tracking_mesh
  company: Microsoft
  priority: 0
  required: 0
  leftHandTrackingOptions:
    motionRange: 0
  rightHandTrackingOptions:
    motionRange: 0
  questHandTrackingMode: 1
--- !u!114 &-1214559954610110428
MonoBehaviour:
  m_ObjectHideFlags: 0
  m_CorrespondingSourceObject: {fileID: 0}
  m_PrefabInstance: {fileID: 0}
  m_PrefabAsset: {fileID: 0}
  m_GameObject: {fileID: 0}
  m_Enabled: 1
  m_EditorHideFlags: 0
  m_Script: {fileID: 11500000, guid: 0f6bfdbcb316ed242b30a8798c9eb853, type: 3}
  m_Name: KHRSimpleControllerProfile Standalone
  m_EditorClassIdentifier: 
  m_enabled: 0
  nameUi: Khronos Simple Controller Profile
  version: 0.0.1
  featureIdInternal: com.unity.openxr.feature.input.khrsimpleprofile
  openxrExtensionStrings: 
  company: Unity
  priority: 0
  required: 0
--- !u!114 &11400000
MonoBehaviour:
  m_ObjectHideFlags: 0
  m_CorrespondingSourceObject: {fileID: 0}
  m_PrefabInstance: {fileID: 0}
  m_PrefabAsset: {fileID: 0}
  m_GameObject: {fileID: 0}
  m_Enabled: 1
  m_EditorHideFlags: 0
  m_Script: {fileID: 11500000, guid: 9f0ebc320a151d3408ea1e9fce54d40e, type: 3}
  m_Name: OpenXR Package Settings
  m_EditorClassIdentifier: 
  Keys: 010000000d0000000e000000
  Values:
  - {fileID: 5805544196325468642}
  - {fileID: -5038489087110554879}
  - {fileID: -7136818787721139130}
--- !u!114 &488988587503327986
MonoBehaviour:
  m_ObjectHideFlags: 0
  m_CorrespondingSourceObject: {fileID: 0}
  m_PrefabInstance: {fileID: 0}
  m_PrefabAsset: {fileID: 0}
  m_GameObject: {fileID: 0}
  m_Enabled: 1
  m_EditorHideFlags: 0
  m_Script: {fileID: 11500000, guid: feeef8d85de8db242bdda70cc7ff5acd, type: 3}
  m_Name: OculusTouchControllerProfile Standalone
  m_EditorClassIdentifier: 
  m_enabled: 0
  nameUi: Oculus Touch Controller Profile
  version: 0.0.1
  featureIdInternal: com.unity.openxr.feature.input.oculustouch
  openxrExtensionStrings: 
  company: Unity
  priority: 0
  required: 0
--- !u!114 &843426505050384919
MonoBehaviour:
  m_ObjectHideFlags: 0
  m_CorrespondingSourceObject: {fileID: 0}
  m_PrefabInstance: {fileID: 0}
  m_PrefabAsset: {fileID: 0}
  m_GameObject: {fileID: 0}
  m_Enabled: 1
  m_EditorHideFlags: 0
  m_Script: {fileID: 11500000, guid: 274c02963f889a64e90bc2e596e21d13, type: 3}
  m_Name: HTCViveControllerProfile Standalone
  m_EditorClassIdentifier: 
  m_enabled: 0
  nameUi: HTC Vive Controller Profile
  version: 0.0.1
  featureIdInternal: com.unity.openxr.feature.input.htcvive
  openxrExtensionStrings: 
  company: Unity
  priority: 0
  required: 0
--- !u!114 &913557375253382452
MonoBehaviour:
  m_ObjectHideFlags: 0
  m_CorrespondingSourceObject: {fileID: 0}
  m_PrefabInstance: {fileID: 0}
  m_PrefabAsset: {fileID: 0}
  m_GameObject: {fileID: 0}
  m_Enabled: 1
  m_EditorHideFlags: 0
  m_Script: {fileID: 11500000, guid: 056125dd64c0ed540b40a4af74f7b495, type: 3}
  m_Name: RuntimeDebuggerOpenXRFeature WSA
  m_EditorClassIdentifier: 
  m_enabled: 0
  nameUi: Runtime Debugger
  version: 1
  featureIdInternal: com.unity.openxr.features.runtimedebugger
  openxrExtensionStrings: 
  company: Unity
  priority: 0
  required: 0
  cacheSize: 1048576
  perThreadCacheSize: 51200
--- !u!114 &1082061313373169445
MonoBehaviour:
  m_ObjectHideFlags: 0
  m_CorrespondingSourceObject: {fileID: 0}
  m_PrefabInstance: {fileID: 0}
  m_PrefabAsset: {fileID: 0}
  m_GameObject: {fileID: 0}
  m_Enabled: 1
  m_EditorHideFlags: 0
  m_Script: {fileID: 11500000, guid: 0d6ccd3d0ef0f1d458e69421dccbdae1, type: 3}
  m_Name: ValveIndexControllerProfile Standalone
  m_EditorClassIdentifier: 
  m_enabled: 0
  nameUi: Valve Index Controller Profile
  version: 0.0.1
  featureIdInternal: com.unity.openxr.feature.input.valveindex
  openxrExtensionStrings: 
  company: Unity
  priority: 0
  required: 0
--- !u!114 &2125091074322041734
MonoBehaviour:
  m_ObjectHideFlags: 0
  m_CorrespondingSourceObject: {fileID: 0}
  m_PrefabInstance: {fileID: 0}
  m_PrefabAsset: {fileID: 0}
  m_GameObject: {fileID: 0}
  m_Enabled: 1
  m_EditorHideFlags: 0
  m_Script: {fileID: 11500000, guid: f928d0d73a35f294fbe357ca17aa3547, type: 3}
  m_Name: MicrosoftHandInteraction WSA
  m_EditorClassIdentifier: 
  m_enabled: 1
  nameUi: Microsoft Hand Interaction Profile
  version: 0.0.1
  featureIdInternal: com.unity.openxr.feature.input.handtracking
  openxrExtensionStrings: XR_MSFT_hand_interaction
  company: Unity
  priority: 0
  required: 0
--- !u!114 &3619964308078587260
MonoBehaviour:
  m_ObjectHideFlags: 0
  m_CorrespondingSourceObject: {fileID: 0}
  m_PrefabInstance: {fileID: 0}
  m_PrefabAsset: {fileID: 0}
  m_GameObject: {fileID: 0}
  m_Enabled: 1
  m_EditorHideFlags: 0
  m_Script: {fileID: 11500000, guid: f928d0d73a35f294fbe357ca17aa3547, type: 3}
  m_Name: MicrosoftHandInteraction Standalone
  m_EditorClassIdentifier: 
  m_enabled: 1
  nameUi: Microsoft Hand Interaction Profile
  version: 0.0.1
  featureIdInternal: com.unity.openxr.feature.input.handtracking
  openxrExtensionStrings: XR_MSFT_hand_interaction
  company: Unity
  priority: 0
  required: 0
--- !u!114 &3670137775432271183
MonoBehaviour:
  m_ObjectHideFlags: 0
  m_CorrespondingSourceObject: {fileID: 0}
  m_PrefabInstance: {fileID: 0}
  m_PrefabAsset: {fileID: 0}
  m_GameObject: {fileID: 0}
  m_Enabled: 1
  m_EditorHideFlags: 0
  m_Script: {fileID: 11500000, guid: c79c911b38743a649b1c1eddb5097202, type: 3}
  m_Name: HandTrackingFeaturePlugin WSA
  m_EditorClassIdentifier: 
  m_enabled: 1
  nameUi: Hand Tracking
  version: 1.8.1
  featureIdInternal: com.microsoft.openxr.feature.handtracking
  openxrExtensionStrings: XR_EXT_hand_tracking XR_EXT_hand_joints_motion_range XR_MSFT_hand_tracking_mesh
  company: Microsoft
  priority: 0
  required: 0
  leftHandTrackingOptions:
    motionRange: 0
  rightHandTrackingOptions:
    motionRange: 0
  questHandTrackingMode: 1
--- !u!114 &5646858222731854140
MonoBehaviour:
  m_ObjectHideFlags: 0
  m_CorrespondingSourceObject: {fileID: 0}
  m_PrefabInstance: {fileID: 0}
  m_PrefabAsset: {fileID: 0}
  m_GameObject: {fileID: 0}
  m_Enabled: 1
  m_EditorHideFlags: 0
  m_Script: {fileID: 11500000, guid: 3482401f887b8864183e401715462f46, type: 3}
  m_Name: HPMixedRealityControllerProfile Standalone
  m_EditorClassIdentifier: 
  m_enabled: 0
  nameUi: HP Reverb G2 Controller Profile
  version: 1.8.1
  featureIdInternal: com.microsoft.openxr.feature.interaction.hpmixedrealitycontroller
  openxrExtensionStrings: XR_EXT_hp_mixed_reality_controller
  company: Microsoft
  priority: 0
  required: 0
--- !u!114 &5805544196325468642
MonoBehaviour:
  m_ObjectHideFlags: 0
  m_CorrespondingSourceObject: {fileID: 0}
  m_PrefabInstance: {fileID: 0}
  m_PrefabAsset: {fileID: 0}
  m_GameObject: {fileID: 0}
  m_Enabled: 1
  m_EditorHideFlags: 0
  m_Script: {fileID: 11500000, guid: b5a1f07dc5afe854f9f12a4194aca3fb, type: 3}
  m_Name: Standalone
  m_EditorClassIdentifier: 
  features:
  - {fileID: -7236891121583827948}
  - {fileID: -2955584272067422620}
  - {fileID: -3007126789513021257}
  - {fileID: -1798265894445682268}
  - {fileID: 5646858222731854140}
  - {fileID: 843426505050384919}
  - {fileID: -1214559954610110428}
  - {fileID: -7216347719606049085}
  - {fileID: 3619964308078587260}
  - {fileID: 8112898137637143618}
  - {fileID: -7821922871081184507}
  - {fileID: -8784419621569563126}
  - {fileID: -3685281949863023873}
  - {fileID: 488988587503327986}
  - {fileID: 6891696532197915383}
  - {fileID: -8508082472873489751}
  - {fileID: 1082061313373169445}
  m_renderMode: 0
  m_depthSubmissionMode: 1
--- !u!114 &6319184088092976828
MonoBehaviour:
  m_ObjectHideFlags: 0
  m_CorrespondingSourceObject: {fileID: 0}
  m_PrefabInstance: {fileID: 0}
  m_PrefabAsset: {fileID: 0}
  m_GameObject: {fileID: 0}
  m_Enabled: 1
  m_EditorHideFlags: 0
  m_Script: {fileID: 11500000, guid: 3f8ec2975f18d5e479159feb34b4dc86, type: 3}
  m_Name: MixedRealityFeaturePlugin WSA
  m_EditorClassIdentifier: 
  m_enabled: 1
  nameUi: Mixed Reality Features
  version: 1.8.1
  featureIdInternal: com.microsoft.openxr.feature.hololens
  openxrExtensionStrings: XR_MSFT_holographic_window_attachment XR_KHR_win32_convert_performance_counter_time
    XR_MSFT_unbounded_reference_space XR_MSFT_spatial_anchor XR_MSFT_secondary_view_configuration
    XR_MSFT_first_person_observer XR_MSFT_spatial_graph_bridge XR_MSFT_perception_anchor_interop
    XR_MSFT_spatial_anchor_persistence XR_MSFT_scene_understanding XR_MSFT_scene_understanding_serialization
    XR_MSFT_spatial_anchor_export_preview XR_MSFT_composition_layer_reprojection
  company: Microsoft
  priority: 0
  required: 1
  disableFirstPersonObserver: 0
  enablePoseUpdateOnBeforeRender: 0
  validationRuleTarget: 1
--- !u!114 &6891696532197915383
MonoBehaviour:
  m_ObjectHideFlags: 0
  m_CorrespondingSourceObject: {fileID: 0}
  m_PrefabInstance: {fileID: 0}
  m_PrefabAsset: {fileID: 0}
  m_GameObject: {fileID: 0}
  m_Enabled: 1
  m_EditorHideFlags: 0
  m_Script: {fileID: 11500000, guid: 9f34c86d1a130cc45a438373e1e8a4fc, type: 3}
  m_Name: PlayModeRemotingPlugin Standalone
  m_EditorClassIdentifier: 
  m_enabled: 0
  nameUi: Holographic Remoting for Play Mode
  version: 1.8.1
  featureIdInternal: com.microsoft.openxr.feature.playmoderemoting
  openxrExtensionStrings: XR_MSFT_holographic_remoting XR_MSFT_holographic_remoting_speech
  company: Microsoft
  priority: -100
  required: 0
  m_remoteHostName: 
  m_remoteHostPort: 8265
  m_maxBitrate: 20000
  m_videoCodec: 0
  m_enableAudio: 0
--- !u!114 &7095854593203591302
MonoBehaviour:
  m_ObjectHideFlags: 0
  m_CorrespondingSourceObject: {fileID: 0}
  m_PrefabInstance: {fileID: 0}
  m_PrefabAsset: {fileID: 0}
  m_GameObject: {fileID: 0}
  m_Enabled: 1
  m_EditorHideFlags: 0
  m_Script: {fileID: 11500000, guid: c4b862ee14fb479fbfe5fffe655d3ed3, type: 3}
  m_Name: MetaQuestTouchProControllerProfile WSA
  m_EditorClassIdentifier: 
  m_enabled: 0
  nameUi: Meta Quest Touch Pro Controller Profile
  version: 0.0.1
  featureIdInternal: com.unity.openxr.feature.input.metaquestpro
  openxrExtensionStrings: XR_FB_touch_controller_pro
  company: Unity
  priority: 0
  required: 0
--- !u!114 &8112898137637143618
MonoBehaviour:
  m_ObjectHideFlags: 0
  m_CorrespondingSourceObject: {fileID: 0}
  m_PrefabInstance: {fileID: 0}
  m_PrefabAsset: {fileID: 0}
  m_GameObject: {fileID: 0}
  m_Enabled: 1
  m_EditorHideFlags: 0
  m_Script: {fileID: 11500000, guid: 761fdd4502cb7a84e9ec7a2b24f33f37, type: 3}
  m_Name: MicrosoftMotionControllerProfile Standalone
  m_EditorClassIdentifier: 
  m_enabled: 1
  nameUi: Microsoft Motion Controller Profile
  version: 0.0.1
  featureIdInternal: com.unity.openxr.feature.input.microsoftmotioncontroller
  openxrExtensionStrings: 
  company: Unity
  priority: 0
  required: 0
--- !u!114 &8212853656769502535
MonoBehaviour:
  m_ObjectHideFlags: 0
  m_CorrespondingSourceObject: {fileID: 0}
  m_PrefabInstance: {fileID: 0}
  m_PrefabAsset: {fileID: 0}
  m_GameObject: {fileID: 0}
  m_Enabled: 1
  m_EditorHideFlags: 0
  m_Script: {fileID: 11500000, guid: feeef8d85de8db242bdda70cc7ff5acd, type: 3}
  m_Name: OculusTouchControllerProfile WSA
  m_EditorClassIdentifier: 
  m_enabled: 0
  nameUi: Oculus Touch Controller Profile
  version: 0.0.1
  featureIdInternal: com.unity.openxr.feature.input.oculustouch
  openxrExtensionStrings: 
  company: Unity
  priority: 0
  required: 0
--- !u!114 &8809080852217160871
MonoBehaviour:
  m_ObjectHideFlags: 0
  m_CorrespondingSourceObject: {fileID: 0}
  m_PrefabInstance: {fileID: 0}
  m_PrefabAsset: {fileID: 0}
  m_GameObject: {fileID: 0}
  m_Enabled: 1
  m_EditorHideFlags: 0
  m_Script: {fileID: 11500000, guid: b3cf79659a011bd419c7a2a30eb74e9a, type: 3}
  m_Name: EyeGazeInteraction WSA
  m_EditorClassIdentifier: 
  m_enabled: 1
  nameUi: Eye Gaze Interaction Profile
  version: 0.0.1
  featureIdInternal: com.unity.openxr.feature.input.eyetracking
  openxrExtensionStrings: XR_EXT_eye_gaze_interaction
  company: Unity
  priority: 0
  required: 0
