%YAML 1.1
%TAG !u! tag:unity3d.com,2011:
--- !u!1 &5657269725983756406
GameObject:
  m_ObjectHideFlags: 0
  m_CorrespondingSourceObject: {fileID: 0}
  m_PrefabInstance: {fileID: 0}
  m_PrefabAsset: {fileID: 0}
  serializedVersion: 6
  m_Component:
  - component: {fileID: 6551109516388383214}
  - component: {fileID: 3414805428143907859}
  - component: {fileID: 8062734588736678243}
  - component: {fileID: 8952442005251607372}
  - component: {fileID: -812822465282398569}
  - component: {fileID: 8093098258838785568}
  - component: {fileID: 5422318800397428522}
  m_Layer: 0
  m_Name: Vertebra T2
  m_TagString: Untagged
  m_Icon: {fileID: 0}
  m_NavMeshLayer: 0
  m_StaticEditorFlags: 0
  m_IsActive: 1
--- !u!4 &6551109516388383214
Transform:
  m_ObjectHideFlags: 0
  m_CorrespondingSourceObject: {fileID: 0}
  m_PrefabInstance: {fileID: 0}
  m_PrefabAsset: {fileID: 0}
  m_GameObject: {fileID: 5657269725983756406}
  m_LocalRotation: {x: 1.0271564e-11, y: 0.7071067, z: 0.7071068, w: 1.0276587e-11}
  m_LocalPosition: {x: 0, y: 1.2989761, z: 0.058992255}
  m_LocalScale: {x: 100, y: 99.99998, z: 100.000046}
  m_ConstrainProportionsScale: 0
  m_Children: []
  m_Father: {fileID: 0}
  m_RootOrder: 0
  m_LocalEulerAnglesHint: {x: 0, y: 0, z: 0}
--- !u!33 &3414805428143907859
MeshFilter:
  m_ObjectHideFlags: 0
  m_CorrespondingSourceObject: {fileID: 0}
  m_PrefabInstance: {fileID: 0}
  m_PrefabAsset: {fileID: 0}
  m_GameObject: {fileID: 5657269725983756406}
  m_Mesh: {fileID: -5008025488773053515, guid: a16fd1f20840ae84bade519f9aa4db67, type: 3}
--- !u!23 &8062734588736678243
MeshRenderer:
  m_ObjectHideFlags: 0
  m_CorrespondingSourceObject: {fileID: 0}
  m_PrefabInstance: {fileID: 0}
  m_PrefabAsset: {fileID: 0}
  m_GameObject: {fileID: 5657269725983756406}
  m_Enabled: 1
  m_CastShadows: 1
  m_ReceiveShadows: 1
  m_DynamicOccludee: 1
  m_StaticShadowCaster: 0
  m_MotionVectors: 1
  m_LightProbeUsage: 1
  m_ReflectionProbeUsage: 1
  m_RayTracingMode: 2
  m_RayTraceProcedural: 0
  m_RenderingLayerMask: 1
  m_RendererPriority: 0
  m_Materials:
  - {fileID: -3591862001971401981, guid: a16fd1f20840ae84bade519f9aa4db67, type: 3}
  - {fileID: 3648319859031566456, guid: a16fd1f20840ae84bade519f9aa4db67, type: 3}
  m_StaticBatchInfo:
    firstSubMesh: 0
    subMeshCount: 0
  m_StaticBatchRoot: {fileID: 0}
  m_ProbeAnchor: {fileID: 0}
  m_LightProbeVolumeOverride: {fileID: 0}
  m_ScaleInLightmap: 1
  m_ReceiveGI: 1
  m_PreserveUVs: 0
  m_IgnoreNormalsForChartDetection: 0
  m_ImportantGI: 0
  m_StitchLightmapSeams: 1
  m_SelectedEditorRenderState: 3
  m_MinimumChartSize: 4
  m_AutoUVMaxDistance: 0.5
  m_AutoUVMaxAngle: 89
  m_LightmapParameters: {fileID: 0}
  m_SortingLayerID: 0
  m_SortingLayer: 0
  m_SortingOrder: 0
  m_AdditionalVertexStreams: {fileID: 0}
--- !u!114 &8952442005251607372
MonoBehaviour:
  m_ObjectHideFlags: 0
  m_CorrespondingSourceObject: {fileID: 0}
  m_PrefabInstance: {fileID: 0}
  m_PrefabAsset: {fileID: 0}
  m_GameObject: {fileID: 5657269725983756406}
  m_Enabled: 1
  m_EditorHideFlags: 0
  m_Script: {fileID: 11500000, guid: d5a57f767e5e46a458fc5d3c628d0cbb, type: 3}
  m_Name: 
  m_EditorClassIdentifier: 
  GlobalObjectIdHash: 951099334
  AlwaysReplicateAsRoot: 0
  SynchronizeTransform: 1
  ActiveSceneSynchronization: 0
  SceneMigrationSynchronization: 1
  SpawnWithObservers: 1
  DontDestroyWithOwner: 0
  AutoObjectParentSync: 1
--- !u!114 &-812822465282398569
MonoBehaviour:
  m_ObjectHideFlags: 0
  m_CorrespondingSourceObject: {fileID: 0}
  m_PrefabInstance: {fileID: 0}
  m_PrefabAsset: {fileID: 0}
  m_GameObject: {fileID: 5657269725983756406}
  m_Enabled: 1
  m_EditorHideFlags: 0
  m_Script: {fileID: 11500000, guid: 42781745f40a9e14489e8a0229156383, type: 3}
  m_Name: 
  m_EditorClassIdentifier: 
  isHidden:
    m_InternalValue: 0
  isFaded:
    m_InternalValue: 0
  InitialLocalTransform:
    localPosition: {x: 0, y: 0, z: 0}
    localRotation: {x: 0, y: 0, z: 0, w: 0}
    localScale: {x: 0, y: 0, z: 0}
  InitialLocalBounds:
    m_Center: {x: 0, y: 0, z: 0}
    m_Extent: {x: 0, y: 0, z: 0}
  FittedLocalTransform:
    localPosition: {x: 0, y: 0, z: 0}
    localRotation: {x: 0, y: 0, z: 0, w: 0}
    localScale: {x: 0, y: 0, z: 0}
  FittedLocalBounds:
    m_Center: {x: 0, y: 0, z: 0}
    m_Extent: {x: 0, y: 0, z: 0}
  Idx: 0
--- !u!114 &8093098258838785568
MonoBehaviour:
  m_ObjectHideFlags: 0
  m_CorrespondingSourceObject: {fileID: 0}
  m_PrefabInstance: {fileID: 0}
  m_PrefabAsset: {fileID: 0}
  m_GameObject: {fileID: 5657269725983756406}
  m_Enabled: 1
  m_EditorHideFlags: 0
  m_Script: {fileID: 11500000, guid: 7bc5383af41b3154584242afbe6ebd46, type: 3}
  m_Name: 
  m_EditorClassIdentifier: 
  SyncPositionX: 1
  SyncPositionY: 1
  SyncPositionZ: 1
  SyncRotAngleX: 1
  SyncRotAngleY: 1
  SyncRotAngleZ: 1
  SyncScaleX: 1
  SyncScaleY: 1
  SyncScaleZ: 1
  PositionThreshold: 0.001
  RotAngleThreshold: 0.01
  ScaleThreshold: 0.01
  UseQuaternionSynchronization: 0
  UseQuaternionCompression: 0
  UseHalfFloatPrecision: 0
  InLocalSpace: 1
  Interpolate: 1
  SlerpPosition: 0
--- !u!114 &5422318800397428522
MonoBehaviour:
  m_ObjectHideFlags: 0
  m_CorrespondingSourceObject: {fileID: 0}
  m_PrefabInstance: {fileID: 0}
  m_PrefabAsset: {fileID: 0}
  m_GameObject: {fileID: 5657269725983756406}
  m_Enabled: 1
  m_EditorHideFlags: 0
  m_Script: {fileID: 11500000, guid: 5721ae00aaec0a0489553ee68aeb97ef, type: 3}
  m_Name: 
  m_EditorClassIdentifier: 
