%YAML 1.1
%TAG !u! tag:unity3d.com,2011:
--- !u!1 &7113286664500026874
GameObject:
  m_ObjectHideFlags: 0
  m_CorrespondingSourceObject: {fileID: 0}
  m_PrefabInstance: {fileID: 0}
  m_PrefabAsset: {fileID: 0}
  serializedVersion: 6
  m_Component:
  - component: {fileID: 7113286664500026871}
  - component: {fileID: 7113286664500026873}
  - component: {fileID: 7113286664500026875}
  - component: {fileID: 3047843126316382084}
  - component: {fileID: 6644066572972912524}
  - component: {fileID: 6200357074415199750}
  - component: {fileID: 513411791778627662}
  - component: {fileID: 3358702660770711703}
  - component: {fileID: 6921844126747210773}
  m_Layer: 0
  m_Name: ClippingPlane
  m_TagString: Untagged
  m_Icon: {fileID: 0}
  m_NavMeshLayer: 0
  m_StaticEditorFlags: 0
  m_IsActive: 1
--- !u!4 &7113286664500026871
Transform:
  m_ObjectHideFlags: 0
  m_CorrespondingSourceObject: {fileID: 0}
  m_PrefabInstance: {fileID: 0}
  m_PrefabAsset: {fileID: 0}
  m_GameObject: {fileID: 7113286664500026874}
  m_LocalRotation: {x: 0, y: 0, z: 1, w: 0}
  m_LocalPosition: {x: 0, y: 0, z: 0}
  m_LocalScale: {x: 0.6, y: 0.6, z: 0.6}
  m_ConstrainProportionsScale: 0
  m_Children:
  - {fileID: 7113286666072996445}
  m_Father: {fileID: 0}
  m_RootOrder: 0
  m_LocalEulerAnglesHint: {x: 0, y: 0, z: 180}
--- !u!114 &7113286664500026873
MonoBehaviour:
  m_ObjectHideFlags: 0
  m_CorrespondingSourceObject: {fileID: 0}
  m_PrefabInstance: {fileID: 0}
  m_PrefabAsset: {fileID: 0}
  m_GameObject: {fileID: 7113286664500026874}
  m_Enabled: 1
  m_EditorHideFlags: 0
  m_Script: {fileID: 11500000, guid: 50cdab0cd5a0916419324bb54314773d, type: 3}
  m_Name: 
  m_EditorClassIdentifier: 
  autoConstraintSelection: 1
  selectedConstraints: []
--- !u!114 &7113286664500026875
MonoBehaviour:
  m_ObjectHideFlags: 0
  m_CorrespondingSourceObject: {fileID: 0}
  m_PrefabInstance: {fileID: 0}
  m_PrefabAsset: {fileID: 0}
  m_GameObject: {fileID: 7113286664500026874}
  m_Enabled: 1
  m_EditorHideFlags: 0
  m_Script: {fileID: 11500000, guid: d9ad66e7cc9a2754d8ea989740c9f00d, type: 3}
  m_Name: 
  m_EditorClassIdentifier: 
  m_InteractionManager: {fileID: 0}
  m_Colliders: []
  m_InteractionLayerMask:
    serializedVersion: 2
    m_Bits: 4294967295
  m_InteractionLayers:
    m_Bits: 1
  m_DistanceCalculationMode: 1
  m_SelectMode: 1
  m_CustomReticle: {fileID: 0}
  m_AllowGazeInteraction: 0
  m_AllowGazeSelect: 0
  m_OverrideGazeTimeToSelect: 0
  m_GazeTimeToSelect: 0.5
  m_OverrideTimeToAutoDeselectGaze: 0
  m_TimeToAutoDeselectGaze: 3
  m_AllowGazeAssistance: 0
  m_FirstHoverEntered:
    m_PersistentCalls:
      m_Calls: []
  m_LastHoverExited:
    m_PersistentCalls:
      m_Calls: []
  m_HoverEntered:
    m_PersistentCalls:
      m_Calls: []
  m_HoverExited:
    m_PersistentCalls:
      m_Calls: []
  m_FirstSelectEntered:
    m_PersistentCalls:
      m_Calls: []
  m_LastSelectExited:
    m_PersistentCalls:
      m_Calls: []
  m_SelectEntered:
    m_PersistentCalls:
      m_Calls: []
  m_SelectExited:
    m_PersistentCalls:
      m_Calls: []
  m_Activated:
    m_PersistentCalls:
      m_Calls: []
  m_Deactivated:
    m_PersistentCalls:
      m_Calls: []
  m_StartingHoverFilters: []
  m_StartingSelectFilters: []
  m_StartingInteractionStrengthFilters: []
  m_OnFirstHoverEntered:
    m_PersistentCalls:
      m_Calls: []
  m_OnLastHoverExited:
    m_PersistentCalls:
      m_Calls: []
  m_OnHoverEntered:
    m_PersistentCalls:
      m_Calls: []
  m_OnHoverExited:
    m_PersistentCalls:
      m_Calls: []
  m_OnSelectEntered:
    m_PersistentCalls:
      m_Calls: []
  m_OnSelectExited:
    m_PersistentCalls:
      m_Calls: []
  m_OnSelectCanceled:
    m_PersistentCalls:
      m_Calls: []
  m_OnActivate:
    m_PersistentCalls:
      m_Calls: []
  m_OnDeactivate:
    m_PersistentCalls:
      m_Calls: []
  isGazePinchSelected:
    active: 0
    onEntered:
      m_PersistentCalls:
        m_Calls: []
    onExited:
      m_PersistentCalls:
        m_Calls: []
  isRaySelected:
    active: 0
    onEntered:
      m_PersistentCalls:
        m_Calls: []
    onExited:
      m_PersistentCalls:
        m_Calls: []
  isPokeSelected:
    active: 0
    onEntered:
      m_PersistentCalls:
        m_Calls: []
    onExited:
      m_PersistentCalls:
        m_Calls: []
  isGrabSelected:
    active: 0
    onEntered:
      m_PersistentCalls:
        m_Calls: []
    onExited:
      m_PersistentCalls:
        m_Calls: []
  isGazeHovered:
    active: 0
    onEntered:
      m_PersistentCalls:
        m_Calls: []
    onExited:
      m_PersistentCalls:
        m_Calls: []
  isGazePinchHovered:
    active: 0
    onEntered:
      m_PersistentCalls:
        m_Calls: []
    onExited:
      m_PersistentCalls:
        m_Calls: []
  isRayHovered:
    active: 0
    onEntered:
      m_PersistentCalls:
        m_Calls: []
    onExited:
      m_PersistentCalls:
        m_Calls: []
  isGrabHovered:
    active: 0
    onEntered:
      m_PersistentCalls:
        m_Calls: []
    onExited:
      m_PersistentCalls:
        m_Calls: []
  isPokeHovered:
    active: 0
    onEntered:
      m_PersistentCalls:
        m_Calls: []
    onExited:
      m_PersistentCalls:
        m_Calls: []
  isActiveHovered:
    active: 0
    onEntered:
      m_PersistentCalls:
        m_Calls: []
    onExited:
      m_PersistentCalls:
        m_Calls: []
  disabledInteractorTypes:
  - reference: MixedReality.Toolkit.IPokeInteractor, MixedReality.Toolkit.Core
  - reference: MixedReality.Toolkit.IPokeInteractor, MixedReality.Toolkit.Core
  <ToggleMode>k__BackingField: 0
  <SelectThreshold>k__BackingField: 0.9
  <DeselectThreshold>k__BackingField: 0.1
  <TriggerOnRelease>k__BackingField: 1
  <UseGazeDwell>k__BackingField: 0
  <GazeDwellTime>k__BackingField: 1
  <UseFarDwell>k__BackingField: 0
  <FarDwellTime>k__BackingField: 1
  allowSelectByVoice: 1
  speechRecognitionKeyword: select
  <VoiceRequiresFocus>k__BackingField: 1
  <SelectRequiresHover>k__BackingField: 0
  <IsToggled>k__BackingField:
    active: 0
    onEntered:
      m_PersistentCalls:
        m_Calls: []
    onExited:
      m_PersistentCalls:
        m_Calls: []
  <OnClicked>k__BackingField:
    m_PersistentCalls:
      m_Calls: []
  <OnEnabled>k__BackingField:
    m_PersistentCalls:
      m_Calls: []
  <OnDisabled>k__BackingField:
    m_PersistentCalls:
      m_Calls: []
  hostTransform: {fileID: 7113286664500026871}
  allowedManipulations: 7
  allowedInteractionTypes: -2147483641
  applyTorque: 1
  springForceSoftness: 0.1
  springTorqueSoftness: 0.1
  springDamping: 1
  springForceLimit: 100
  rotationAnchorNear: 1
  rotationAnchorFar: 1
  releaseBehavior: 3
  transformSmoothingLogicType:
    reference: MixedReality.Toolkit.SpatialManipulation.DefaultTransformSmoothingLogic,
      MixedReality.Toolkit.SpatialManipulation
  smoothingFar: 1
  smoothingNear: 1
  moveLerpTime: 0.001
  rotateLerpTime: 0.001
  scaleLerpTime: 0.001
  enableConstraints: 1
  constraintsManager: {fileID: 7113286664500026873}
  manipulationLogicTypes:
    moveLogicType:
      reference: MixedReality.Toolkit.SpatialManipulation.MoveLogic, MixedReality.Toolkit.SpatialManipulation
    rotateLogicType:
      reference: MixedReality.Toolkit.SpatialManipulation.RotateLogic, MixedReality.Toolkit.SpatialManipulation
    scaleLogicType:
      reference: MixedReality.Toolkit.SpatialManipulation.ScaleLogic, MixedReality.Toolkit.SpatialManipulation
--- !u!65 &3047843126316382084
BoxCollider:
  m_ObjectHideFlags: 0
  m_CorrespondingSourceObject: {fileID: 0}
  m_PrefabInstance: {fileID: 0}
  m_PrefabAsset: {fileID: 0}
  m_GameObject: {fileID: 7113286664500026874}
  m_Material: {fileID: 0}
  m_IsTrigger: 0
  m_Enabled: 1
  serializedVersion: 2
  m_Size: {x: 1, y: 0.01, z: 1}
  m_Center: {x: 0, y: 0, z: 0}
--- !u!114 &6644066572972912524
MonoBehaviour:
  m_ObjectHideFlags: 0
  m_CorrespondingSourceObject: {fileID: 0}
  m_PrefabInstance: {fileID: 0}
  m_PrefabAsset: {fileID: 0}
  m_GameObject: {fileID: 7113286664500026874}
  m_Enabled: 1
  m_EditorHideFlags: 0
  m_Script: {fileID: 11500000, guid: 44710cadb43cca54f81e201812dadc27, type: 3}
  m_Name: 
  m_EditorClassIdentifier: 
  applyToSharedMaterial: 0
  renderers: []
  materials: []
  clippingSide: 1
  useOnPreRender: 0
  volumetricTexture: {fileID: 0}
  planeRenderer: {fileID: 7113286666072996447}
  volumeParentTransform: {fileID: 0}
--- !u!114 &6200357074415199750
MonoBehaviour:
  m_ObjectHideFlags: 0
  m_CorrespondingSourceObject: {fileID: 0}
  m_PrefabInstance: {fileID: 0}
  m_PrefabAsset: {fileID: 0}
  m_GameObject: {fileID: 7113286664500026874}
  m_Enabled: 1
  m_EditorHideFlags: 0
  m_Script: {fileID: 11500000, guid: 5f3f2652d4ff14543be4d1ece28036a0, type: 3}
  m_Name: 
  m_EditorClassIdentifier: 
  boundsVisualsPrefab: {fileID: 1445247125800541237, guid: 948a7c68cd6b19c449613d0541c50852, type: 3}
  boundsCalculationMethod: 0
  includeInactiveObjects: 0
  overrideBounds: 0
  boundsOverride: {fileID: 0}
  flattenMode: 2
  boundsPadding: 0.01
  interactable: {fileID: 0}
  toggleHandlesOnClick: 1
  dragToggleThreshold: 0.02
  target: {fileID: 0}
  handlesActive: 1
  enabledHandles: 3
  rotateAnchor: 1
  scaleAnchor: 0
  scaleBehavior: 0
  smoothingActive: 1
  rotateLerpTime: 0.00001
  scaleLerpTime: 0.00001
  translateLerpTime: 0.00001
  enableConstraints: 1
  constraintsManager: {fileID: 0}
  manipulationStarted:
    m_PersistentCalls:
      m_Calls: []
  manipulationEnded:
    m_PersistentCalls:
      m_Calls: []
--- !u!114 &513411791778627662
MonoBehaviour:
  m_ObjectHideFlags: 0
  m_CorrespondingSourceObject: {fileID: 0}
  m_PrefabInstance: {fileID: 0}
  m_PrefabAsset: {fileID: 0}
  m_GameObject: {fileID: 7113286664500026874}
  m_Enabled: 1
  m_EditorHideFlags: 0
  m_Script: {fileID: 11500000, guid: d5a57f767e5e46a458fc5d3c628d0cbb, type: 3}
  m_Name: 
  m_EditorClassIdentifier: 
  GlobalObjectIdHash: 3187760482
  AlwaysReplicateAsRoot: 0
  SynchronizeTransform: 1
  ActiveSceneSynchronization: 0
  SceneMigrationSynchronization: 1
  SpawnWithObservers: 1
  DontDestroyWithOwner: 0
  AutoObjectParentSync: 1
--- !u!114 &3358702660770711703
MonoBehaviour:
  m_ObjectHideFlags: 0
  m_CorrespondingSourceObject: {fileID: 0}
  m_PrefabInstance: {fileID: 0}
  m_PrefabAsset: {fileID: 0}
  m_GameObject: {fileID: 7113286664500026874}
  m_Enabled: 1
  m_EditorHideFlags: 0
  m_Script: {fileID: 11500000, guid: 7bc5383af41b3154584242afbe6ebd46, type: 3}
  m_Name: 
  m_EditorClassIdentifier: 
  SyncPositionX: 1
  SyncPositionY: 1
  SyncPositionZ: 1
  SyncRotAngleX: 1
  SyncRotAngleY: 1
  SyncRotAngleZ: 1
  SyncScaleX: 1
  SyncScaleY: 1
  SyncScaleZ: 1
  PositionThreshold: 0.001
  RotAngleThreshold: 0.01
  ScaleThreshold: 0.01
  UseQuaternionSynchronization: 0
  UseQuaternionCompression: 0
  UseHalfFloatPrecision: 0
  InLocalSpace: 1
  Interpolate: 1
  SlerpPosition: 0
--- !u!114 &6921844126747210773
MonoBehaviour:
  m_ObjectHideFlags: 0
  m_CorrespondingSourceObject: {fileID: 0}
  m_PrefabInstance: {fileID: 0}
  m_PrefabAsset: {fileID: 0}
  m_GameObject: {fileID: 7113286664500026874}
  m_Enabled: 1
  m_EditorHideFlags: 0
  m_Script: {fileID: 11500000, guid: 5721ae00aaec0a0489553ee68aeb97ef, type: 3}
  m_Name: 
  m_EditorClassIdentifier: 
--- !u!1 &7113286666072996514
GameObject:
  m_ObjectHideFlags: 0
  m_CorrespondingSourceObject: {fileID: 0}
  m_PrefabInstance: {fileID: 0}
  m_PrefabAsset: {fileID: 0}
  serializedVersion: 6
  m_Component:
  - component: {fileID: 7113286666072996445}
  - component: {fileID: 7113286666072996444}
  - component: {fileID: 7113286666072996447}
  m_Layer: 0
  m_Name: Quad
  m_TagString: Untagged
  m_Icon: {fileID: 0}
  m_NavMeshLayer: 0
  m_StaticEditorFlags: 0
  m_IsActive: 1
--- !u!4 &7113286666072996445
Transform:
  m_ObjectHideFlags: 0
  m_CorrespondingSourceObject: {fileID: 0}
  m_PrefabInstance: {fileID: 0}
  m_PrefabAsset: {fileID: 0}
  m_GameObject: {fileID: 7113286666072996514}
  m_LocalRotation: {x: 0.7071068, y: 0, z: 0, w: 0.7071068}
  m_LocalPosition: {x: 0, y: 0, z: 0}
  m_LocalScale: {x: 1, y: 1, z: 1}
  m_ConstrainProportionsScale: 0
  m_Children: []
  m_Father: {fileID: 7113286664500026871}
  m_RootOrder: 0
  m_LocalEulerAnglesHint: {x: 90, y: 0, z: 0}
--- !u!33 &7113286666072996444
MeshFilter:
  m_ObjectHideFlags: 0
  m_CorrespondingSourceObject: {fileID: 0}
  m_PrefabInstance: {fileID: 0}
  m_PrefabAsset: {fileID: 0}
  m_GameObject: {fileID: 7113286666072996514}
  m_Mesh: {fileID: 10210, guid: 0000000000000000e000000000000000, type: 0}
--- !u!23 &7113286666072996447
MeshRenderer:
  m_ObjectHideFlags: 0
  m_CorrespondingSourceObject: {fileID: 0}
  m_PrefabInstance: {fileID: 0}
  m_PrefabAsset: {fileID: 0}
  m_GameObject: {fileID: 7113286666072996514}
  m_Enabled: 1
  m_CastShadows: 1
  m_ReceiveShadows: 1
  m_DynamicOccludee: 1
  m_StaticShadowCaster: 0
  m_MotionVectors: 1
  m_LightProbeUsage: 1
  m_ReflectionProbeUsage: 1
  m_RayTracingMode: 2
  m_RayTraceProcedural: 0
  m_RenderingLayerMask: 1
  m_RendererPriority: 0
  m_Materials:
  - {fileID: 2100000, guid: 6f447233002412741933be9a7ef76837, type: 2}
  m_StaticBatchInfo:
    firstSubMesh: 0
    subMeshCount: 0
  m_StaticBatchRoot: {fileID: 0}
  m_ProbeAnchor: {fileID: 0}
  m_LightProbeVolumeOverride: {fileID: 0}
  m_ScaleInLightmap: 1
  m_ReceiveGI: 1
  m_PreserveUVs: 0
  m_IgnoreNormalsForChartDetection: 0
  m_ImportantGI: 0
  m_StitchLightmapSeams: 1
  m_SelectedEditorRenderState: 3
  m_MinimumChartSize: 4
  m_AutoUVMaxDistance: 0.5
  m_AutoUVMaxAngle: 89
  m_LightmapParameters: {fileID: 0}
  m_SortingLayerID: 0
  m_SortingLayer: 0
  m_SortingOrder: 0
  m_AdditionalVertexStreams: {fileID: 0}
