%YAML 1.1
%TAG !u! tag:unity3d.com,2011:
--- !u!1 &901827804739634249
GameObject:
  m_ObjectHideFlags: 0
  m_CorrespondingSourceObject: {fileID: 0}
  m_PrefabInstance: {fileID: 0}
  m_PrefabAsset: {fileID: 0}
  serializedVersion: 6
  m_Component:
  - component: {fileID: 901827804739634250}
  m_Layer: 5
  m_Name: AnimatedContent
  m_TagString: Untagged
  m_Icon: {fileID: 0}
  m_NavMeshLayer: 0
  m_StaticEditorFlags: 0
  m_IsActive: 1
--- !u!224 &901827804739634250
RectTransform:
  m_ObjectHideFlags: 0
  m_CorrespondingSourceObject: {fileID: 0}
  m_PrefabInstance: {fileID: 0}
  m_PrefabAsset: {fileID: 0}
  m_GameObject: {fileID: 901827804739634249}
  m_LocalRotation: {x: 0, y: 0, z: 0, w: 1}
  m_LocalPosition: {x: 0, y: 0, z: 4}
  m_LocalScale: {x: 1, y: 1, z: 1}
  m_ConstrainProportionsScale: 0
  m_Children: []
  m_Father: {fileID: 901827804847108948}
  m_RootOrder: 0
  m_LocalEulerAnglesHint: {x: 0, y: 0, z: 0}
  m_AnchorMin: {x: 0, y: 0}
  m_AnchorMax: {x: 1, y: 1}
  m_AnchoredPosition: {x: 0, y: 0.000015258789}
  m_SizeDelta: {x: 0, y: -0.000011444092}
  m_Pivot: {x: 0, y: 0}
--- !u!1 &901827804847108939
GameObject:
  m_ObjectHideFlags: 0
  m_CorrespondingSourceObject: {fileID: 0}
  m_PrefabInstance: {fileID: 0}
  m_PrefabAsset: {fileID: 0}
  serializedVersion: 6
  m_Component:
  - component: {fileID: 901827804847108948}
  - component: {fileID: 901827804847108944}
  - component: {fileID: 4629816190774634338}
  - component: {fileID: 896227819874805944}
  - component: {fileID: 6234648834465777300}
  - component: {fileID: 8769892563585652472}
  m_Layer: 5
  m_Name: Frontplate
  m_TagString: Untagged
  m_Icon: {fileID: 0}
  m_NavMeshLayer: 0
  m_StaticEditorFlags: 0
  m_IsActive: 1
--- !u!224 &901827804847108948
RectTransform:
  m_ObjectHideFlags: 0
  m_CorrespondingSourceObject: {fileID: 0}
  m_PrefabInstance: {fileID: 0}
  m_PrefabAsset: {fileID: 0}
  m_GameObject: {fileID: 901827804847108939}
  m_LocalRotation: {x: -0, y: -0, z: -0, w: 1}
  m_LocalPosition: {x: 0, y: 0, z: -8}
  m_LocalScale: {x: 1, y: 1, z: 1}
  m_ConstrainProportionsScale: 0
  m_Children:
  - {fileID: 901827804739634250}
  m_Father: {fileID: 1778271941780150021}
  m_RootOrder: 2
  m_LocalEulerAnglesHint: {x: 0, y: 0, z: 0}
  m_AnchorMin: {x: 0, y: 0}
  m_AnchorMax: {x: 1, y: 1}
  m_AnchoredPosition: {x: -0.000015258789, y: 0}
  m_SizeDelta: {x: 0, y: 0}
  m_Pivot: {x: 0.5, y: 0.5}
--- !u!222 &901827804847108944
CanvasRenderer:
  m_ObjectHideFlags: 0
  m_CorrespondingSourceObject: {fileID: 0}
  m_PrefabInstance: {fileID: 0}
  m_PrefabAsset: {fileID: 0}
  m_GameObject: {fileID: 901827804847108939}
  m_CullTransparentMesh: 1
--- !u!114 &4629816190774634338
MonoBehaviour:
  m_ObjectHideFlags: 0
  m_CorrespondingSourceObject: {fileID: 0}
  m_PrefabInstance: {fileID: 0}
  m_PrefabAsset: {fileID: 0}
  m_GameObject: {fileID: 901827804847108939}
  m_Enabled: 1
  m_EditorHideFlags: 0
  m_Script: {fileID: 11500000, guid: 1344c3c82d62a2a41a3576d8abb8e3ea, type: 3}
  m_Name: 
  m_EditorClassIdentifier: 
  m_Material: {fileID: 2100000, guid: 5d17c28a5cd12804699959db56fa7928, type: 2}
  m_Color: {r: 1, g: 1, b: 1, a: 1}
  m_RaycastTarget: 0
  m_RaycastPadding: {x: 0, y: 0, z: 0, w: 0}
  m_Maskable: 1
  m_OnCullStateChanged:
    m_PersistentCalls:
      m_Calls: []
  m_Texture: {fileID: 0}
  m_UVRect:
    serializedVersion: 2
    x: 0
    y: 0
    width: 1
    height: 1
--- !u!114 &896227819874805944
MonoBehaviour:
  m_ObjectHideFlags: 0
  m_CorrespondingSourceObject: {fileID: 0}
  m_PrefabInstance: {fileID: 0}
  m_PrefabAsset: {fileID: 0}
  m_GameObject: {fileID: 901827804847108939}
  m_Enabled: 1
  m_EditorHideFlags: 0
  m_Script: {fileID: 11500000, guid: 0fda4953718e0264291c42cb2a637fb5, type: 3}
  m_Name: 
  m_EditorClassIdentifier: 
--- !u!114 &6234648834465777300
MonoBehaviour:
  m_ObjectHideFlags: 0
  m_CorrespondingSourceObject: {fileID: 0}
  m_PrefabInstance: {fileID: 0}
  m_PrefabAsset: {fileID: 0}
  m_GameObject: {fileID: 901827804847108939}
  m_Enabled: 1
  m_EditorHideFlags: 0
  m_Script: {fileID: 11500000, guid: ccb4029f7caac6b4182b04101ab54870, type: 3}
  m_Name: 
  m_EditorClassIdentifier: 
  materialPropertiesFoldedOut: 1
  instanceMaterials: 1
  _Radius_: 10
  _Line_Width_: 1
  _Relative_To_Height_: 0
  _Fixed_Unit_Multiplier_: 1
  _Filter_Width_: 1
  _Edge_Color_: {r: 0.53, g: 0.53, b: 0.53, a: 1}
  _Fade_Out_: 1
  _Blob_Enable_: 1
  _Blob_Position_: {x: 0.5, y: 0, z: 0.2, w: 0}
  _Blob_Intensity_: 0.5
  _Blob_Near_Size_: 0.025
  _Blob_Far_Size_: 0.05
  _Blob_Near_Distance_: 0
  _Blob_Far_Distance_: 0.08
  _Blob_Fade_Length_: 0.08
  _Blob_Inner_Fade_: 0.01
  _Blob_Pulse_: 0
  _Blob_Fade_: 1
  _Blob_Pulse_Max_Size_: 0.05
  _Blob_Enable_2_: 1
  _Blob_Position_2_: {x: 0.3827049, y: 0.06663658, z: 0.48826474, w: 0}
  _Blob_Near_Size_2_: 0.025
  _Blob_Inner_Fade_2_: 0.1
  _Blob_Pulse_2_: 0
  _Blob_Fade_2_: 1
  _Gaze_Intensity_: 1
  _Gaze_Focus_: 0
  _Pinched_: 0
  _Blob_Texture_: {fileID: 2800000, guid: 25e7d0b9c6af4790ad54956f4d688118, type: 3}
  _Selection_Fuzz_: 0.5
  _Selected_: 0
  _Selection_Fade_: 0
  _Selection_Fade_Size_: 0.3
  _Selected_Distance_: 0.08
  _Selected_Fade_Length_: 0.08
  _Proximity_Max_Intensity_: 0.45
  _Proximity_Far_Distance_: 0.16
  _Proximity_Near_Radius_: 0.03
  _Proximity_Anisotropy_: 1
  _Use_Global_Left_Index_: 1
  _Use_Global_Right_Index_: 1
  _SrcBlend: 1
  _DstBlend: 1
  _StencilReference: 0
  _StencilComparison: 0
  _StencilOperation: 0
  _ZTest: 4
  _ZWrite: 0
  _MainTex: {fileID: 0}
  _ClipRect: {x: -32767, y: -32767, z: 32767, w: 0}
  _ClipRectRadii: {x: 10, y: 10, z: 10, w: 0}
--- !u!114 &8769892563585652472
MonoBehaviour:
  m_ObjectHideFlags: 0
  m_CorrespondingSourceObject: {fileID: 0}
  m_PrefabInstance: {fileID: 0}
  m_PrefabAsset: {fileID: 0}
  m_GameObject: {fileID: 901827804847108939}
  m_Enabled: 1
  m_EditorHideFlags: 0
  m_Script: {fileID: 11500000, guid: e78d485e80d1105448cc092fce32e088, type: 3}
  m_Name: 
  m_EditorClassIdentifier: 
  duration: 1.2
--- !u!1 &901827805489565276
GameObject:
  m_ObjectHideFlags: 0
  m_CorrespondingSourceObject: {fileID: 0}
  m_PrefabInstance: {fileID: 0}
  m_PrefabAsset: {fileID: 0}
  serializedVersion: 6
  m_Component:
  - component: {fileID: 901827805489565279}
  - component: {fileID: 901827805489565278}
  - component: {fileID: 3177613312175966785}
  - component: {fileID: 5998837317165544857}
  - component: {fileID: 3633388812082092446}
  m_Layer: 5
  m_Name: Backglow
  m_TagString: Untagged
  m_Icon: {fileID: 0}
  m_NavMeshLayer: 0
  m_StaticEditorFlags: 0
  m_IsActive: 1
--- !u!224 &901827805489565279
RectTransform:
  m_ObjectHideFlags: 0
  m_CorrespondingSourceObject: {fileID: 0}
  m_PrefabInstance: {fileID: 0}
  m_PrefabAsset: {fileID: 0}
  m_GameObject: {fileID: 901827805489565276}
  m_LocalRotation: {x: -0, y: -0, z: -0, w: 1}
  m_LocalPosition: {x: 0, y: 0, z: -0.9}
  m_LocalScale: {x: 1, y: 1, z: 1}
  m_ConstrainProportionsScale: 0
  m_Children: []
  m_Father: {fileID: 1778271941780150021}
  m_RootOrder: 1
  m_LocalEulerAnglesHint: {x: 0, y: 0, z: 0}
  m_AnchorMin: {x: 0, y: 0}
  m_AnchorMax: {x: 1, y: 1}
  m_AnchoredPosition: {x: -0.000015258789, y: 0}
  m_SizeDelta: {x: 4, y: 4}
  m_Pivot: {x: 0.5, y: 0.5}
--- !u!222 &901827805489565278
CanvasRenderer:
  m_ObjectHideFlags: 0
  m_CorrespondingSourceObject: {fileID: 0}
  m_PrefabInstance: {fileID: 0}
  m_PrefabAsset: {fileID: 0}
  m_GameObject: {fileID: 901827805489565276}
  m_CullTransparentMesh: 1
--- !u!114 &3177613312175966785
MonoBehaviour:
  m_ObjectHideFlags: 0
  m_CorrespondingSourceObject: {fileID: 0}
  m_PrefabInstance: {fileID: 0}
  m_PrefabAsset: {fileID: 0}
  m_GameObject: {fileID: 901827805489565276}
  m_Enabled: 1
  m_EditorHideFlags: 0
  m_Script: {fileID: 11500000, guid: 1344c3c82d62a2a41a3576d8abb8e3ea, type: 3}
  m_Name: 
  m_EditorClassIdentifier: 
  m_Material: {fileID: 2100000, guid: f9c2bd4e2542bd3448cfd6cccfe7eccc, type: 2}
  m_Color: {r: 1, g: 1, b: 1, a: 0}
  m_RaycastTarget: 0
  m_RaycastPadding: {x: 0, y: 0, z: 0, w: 0}
  m_Maskable: 1
  m_OnCullStateChanged:
    m_PersistentCalls:
      m_Calls: []
  m_Texture: {fileID: 0}
  m_UVRect:
    serializedVersion: 2
    x: 0
    y: 0
    width: 1
    height: 1
--- !u!114 &5998837317165544857
MonoBehaviour:
  m_ObjectHideFlags: 0
  m_CorrespondingSourceObject: {fileID: 0}
  m_PrefabInstance: {fileID: 0}
  m_PrefabAsset: {fileID: 0}
  m_GameObject: {fileID: 901827805489565276}
  m_Enabled: 1
  m_EditorHideFlags: 0
  m_Script: {fileID: 11500000, guid: 0fda4953718e0264291c42cb2a637fb5, type: 3}
  m_Name: 
  m_EditorClassIdentifier: 
--- !u!114 &3633388812082092446
MonoBehaviour:
  m_ObjectHideFlags: 0
  m_CorrespondingSourceObject: {fileID: 0}
  m_PrefabInstance: {fileID: 0}
  m_PrefabAsset: {fileID: 0}
  m_GameObject: {fileID: 901827805489565276}
  m_Enabled: 1
  m_EditorHideFlags: 0
  m_Script: {fileID: 11500000, guid: 8c32952b3c466d34ba06bd1204afec4c, type: 3}
  m_Name: 
  m_EditorClassIdentifier: 
  materialPropertiesFoldedOut: 1
  instanceMaterials: 1
  _Relative_To_Height_: 0
  _Bevel_Radius_: 0.01
  _Line_Width_: 0.01
  _Outer_Fuzz_Start_: 0.0021
  _Outer_Fuzz_End_: 0.001
  _Fixed_Unit_Multiplier_: 1000
  _Motion_: 0
  _Max_Intensity_: 0.746
  _Intensity_Fade_In_Exponent_: 2
  _Color_: {r: 0.58825207, g: 0.62312603, b: 0.65800005, a: 1}
  _Inner_Color_: {r: 0.007999993, g: 0.404, b: 0.8, a: 1}
  _Blend_Exponent_: 1
  _Falloff_: 2.5
  _Bias_: 0.5
  _SrcBlend: 1
  _DstBlend: 1
  _StencilReference: 0
  _StencilComparison: 0
  _StencilOperation: 0
  _ZTest: 4
  _ZWrite: 0
  _MainTex: {fileID: 0}
  _ClipRect: {x: 0, y: 0, z: 0, w: 0}
  _ClipRectRadii: {x: 0, y: 0, z: 0, w: 0}
--- !u!1 &1778271941780150042
GameObject:
  m_ObjectHideFlags: 0
  m_CorrespondingSourceObject: {fileID: 0}
  m_PrefabInstance: {fileID: 0}
  m_PrefabAsset: {fileID: 0}
  serializedVersion: 6
  m_Component:
  - component: {fileID: 1778271941780150021}
  - component: {fileID: 1778271941780150018}
  - component: {fileID: 1778271941780150019}
  - component: {fileID: 1778271941780150016}
  - component: {fileID: 1778271941780150017}
  - component: {fileID: 1778271941780150022}
  - component: {fileID: 1778271941780150020}
  - component: {fileID: 5994439781685540786}
  - component: {fileID: 5004044156575151561}
  - component: {fileID: 1101505077349613603}
  - component: {fileID: 3490436326965742316}
  m_Layer: 5
  m_Name: CanvasButtonToggleSwitchLarge
  m_TagString: Untagged
  m_Icon: {fileID: 0}
  m_NavMeshLayer: 0
  m_StaticEditorFlags: 0
  m_IsActive: 1
--- !u!224 &1778271941780150021
RectTransform:
  m_ObjectHideFlags: 0
  m_CorrespondingSourceObject: {fileID: 0}
  m_PrefabInstance: {fileID: 0}
  m_PrefabAsset: {fileID: 0}
  m_GameObject: {fileID: 1778271941780150042}
  m_LocalRotation: {x: -0, y: -0, z: -0, w: 1}
  m_LocalPosition: {x: 0, y: 0, z: 0}
  m_LocalScale: {x: 1, y: 1, z: 1}
  m_ConstrainProportionsScale: 0
  m_Children:
  - {fileID: 6234648834613910842}
  - {fileID: 901827805489565279}
  - {fileID: 901827804847108948}
  - {fileID: 4453649820281342617}
  - {fileID: 6296951734246033178}
  m_Father: {fileID: 8544234636723295003}
  m_RootOrder: 0
  m_LocalEulerAnglesHint: {x: 0, y: 0, z: 0}
  m_AnchorMin: {x: 0, y: 0}
  m_AnchorMax: {x: 0, y: 0}
  m_AnchoredPosition: {x: 0, y: 0}
  m_SizeDelta: {x: 0, y: 0}
  m_Pivot: {x: 0.5, y: 0.5}
--- !u!114 &1778271941780150018
MonoBehaviour:
  m_ObjectHideFlags: 0
  m_CorrespondingSourceObject: {fileID: 0}
  m_PrefabInstance: {fileID: 0}
  m_PrefabAsset: {fileID: 0}
  m_GameObject: {fileID: 1778271941780150042}
  m_Enabled: 1
  m_EditorHideFlags: 0
  m_Script: {fileID: 11500000, guid: c32e8a7644144f8419bb881ad588ed0e, type: 3}
  m_Name: 
  m_EditorClassIdentifier: 
  m_InteractionManager: {fileID: 0}
  m_Colliders: []
  m_InteractionLayerMask:
    serializedVersion: 2
    m_Bits: 4294967295
  m_InteractionLayers:
    m_Bits: 1
  m_DistanceCalculationMode: 1
  m_SelectMode: 1
  m_CustomReticle: {fileID: 0}
  m_AllowGazeInteraction: 0
  m_AllowGazeSelect: 0
  m_OverrideGazeTimeToSelect: 0
  m_GazeTimeToSelect: 0.5
  m_OverrideTimeToAutoDeselectGaze: 0
  m_TimeToAutoDeselectGaze: 3
  m_AllowGazeAssistance: 0
  m_FirstHoverEntered:
    m_PersistentCalls:
      m_Calls: []
  m_LastHoverExited:
    m_PersistentCalls:
      m_Calls: []
  m_HoverEntered:
    m_PersistentCalls:
      m_Calls: []
  m_HoverExited:
    m_PersistentCalls:
      m_Calls: []
  m_FirstSelectEntered:
    m_PersistentCalls:
      m_Calls:
      - m_Target: {fileID: 1778271941780150020}
        m_TargetAssemblyTypeName: UnityEngine.AudioSource, UnityEngine
        m_MethodName: PlayOneShot
        m_Mode: 2
        m_Arguments:
          m_ObjectArgument: {fileID: 8300000, guid: 51de19e15e660e845bdedcfbb9c6a0e8, type: 3}
          m_ObjectArgumentAssemblyTypeName: UnityEngine.AudioClip, UnityEngine
          m_IntArgument: 0
          m_FloatArgument: 0
          m_StringArgument: 
          m_BoolArgument: 0
        m_CallState: 2
  m_LastSelectExited:
    m_PersistentCalls:
      m_Calls:
      - m_Target: {fileID: 1778271941780150020}
        m_TargetAssemblyTypeName: UnityEngine.AudioSource, UnityEngine
        m_MethodName: PlayOneShot
        m_Mode: 2
        m_Arguments:
          m_ObjectArgument: {fileID: 8300000, guid: 55c56ad83252ca647b56e238abee1047, type: 3}
          m_ObjectArgumentAssemblyTypeName: UnityEngine.AudioClip, UnityEngine
          m_IntArgument: 0
          m_FloatArgument: 0
          m_StringArgument: 
          m_BoolArgument: 0
        m_CallState: 2
  m_SelectEntered:
    m_PersistentCalls:
      m_Calls: []
  m_SelectExited:
    m_PersistentCalls:
      m_Calls: []
  m_Activated:
    m_PersistentCalls:
      m_Calls: []
  m_Deactivated:
    m_PersistentCalls:
      m_Calls: []
  m_StartingHoverFilters: []
  m_StartingSelectFilters: []
  m_StartingInteractionStrengthFilters: []
  m_OnFirstHoverEntered:
    m_PersistentCalls:
      m_Calls: []
  m_OnLastHoverExited:
    m_PersistentCalls:
      m_Calls: []
  m_OnHoverEntered:
    m_PersistentCalls:
      m_Calls: []
  m_OnHoverExited:
    m_PersistentCalls:
      m_Calls: []
  m_OnSelectEntered:
    m_PersistentCalls:
      m_Calls: []
  m_OnSelectExited:
    m_PersistentCalls:
      m_Calls: []
  m_OnSelectCanceled:
    m_PersistentCalls:
      m_Calls: []
  m_OnActivate:
    m_PersistentCalls:
      m_Calls: []
  m_OnDeactivate:
    m_PersistentCalls:
      m_Calls: []
  isGazePinchSelected:
    active: 0
    onEntered:
      m_PersistentCalls:
        m_Calls: []
    onExited:
      m_PersistentCalls:
        m_Calls: []
  isRaySelected:
    active: 0
    onEntered:
      m_PersistentCalls:
        m_Calls: []
    onExited:
      m_PersistentCalls:
        m_Calls: []
  isPokeSelected:
    active: 0
    onEntered:
      m_PersistentCalls:
        m_Calls: []
    onExited:
      m_PersistentCalls:
        m_Calls: []
  isGrabSelected:
    active: 0
    onEntered:
      m_PersistentCalls:
        m_Calls: []
    onExited:
      m_PersistentCalls:
        m_Calls: []
  isGazeHovered:
    active: 0
    onEntered:
      m_PersistentCalls:
        m_Calls: []
    onExited:
      m_PersistentCalls:
        m_Calls: []
  isGazePinchHovered:
    active: 0
    onEntered:
      m_PersistentCalls:
        m_Calls: []
    onExited:
      m_PersistentCalls:
        m_Calls: []
  isRayHovered:
    active: 0
    onEntered:
      m_PersistentCalls:
        m_Calls: []
    onExited:
      m_PersistentCalls:
        m_Calls: []
  isGrabHovered:
    active: 0
    onEntered:
      m_PersistentCalls:
        m_Calls: []
    onExited:
      m_PersistentCalls:
        m_Calls: []
  isPokeHovered:
    active: 0
    onEntered:
      m_PersistentCalls:
        m_Calls: []
    onExited:
      m_PersistentCalls:
        m_Calls: []
  isActiveHovered:
    active: 0
    onEntered:
      m_PersistentCalls:
        m_Calls: []
    onExited:
      m_PersistentCalls:
        m_Calls: []
  disabledInteractorTypes:
  - reference: MixedReality.Toolkit.IGrabInteractor, MixedReality.Toolkit.Core
  - reference: MixedReality.Toolkit.IGrabInteractor, MixedReality.Toolkit.Core
  <ToggleMode>k__BackingField: 1
  <SelectThreshold>k__BackingField: 0.9
  <DeselectThreshold>k__BackingField: 0.1
  <TriggerOnRelease>k__BackingField: 1
  <UseGazeDwell>k__BackingField: 0
  <GazeDwellTime>k__BackingField: 1
  <UseFarDwell>k__BackingField: 0
  <FarDwellTime>k__BackingField: 1
  allowSelectByVoice: 1
  speechRecognitionKeyword: select
  <VoiceRequiresFocus>k__BackingField: 1
  <SelectRequiresHover>k__BackingField: 0
  <IsToggled>k__BackingField:
    active: 0
    onEntered:
      m_PersistentCalls:
        m_Calls: []
    onExited:
      m_PersistentCalls:
        m_Calls: []
  <OnClicked>k__BackingField:
    m_PersistentCalls:
      m_Calls: []
  <OnEnabled>k__BackingField:
    m_PersistentCalls:
      m_Calls: []
  <OnDisabled>k__BackingField:
    m_PersistentCalls:
      m_Calls: []
  smoothSelectionProgress: 1
  distanceSpaceMode: 1
  startPushPlane: -8.392723
  endPushPlane: -0.67
  returnSpeed: 0.25
  enforceFrontPush: 1
  rejectXYRollOff: 1
  rollOffXYDepth: 3
  rejectZRollOff: 0
  extendSpeed: 0.5
--- !u!114 &1778271941780150019
MonoBehaviour:
  m_ObjectHideFlags: 0
  m_CorrespondingSourceObject: {fileID: 0}
  m_PrefabInstance: {fileID: 0}
  m_PrefabAsset: {fileID: 0}
  m_GameObject: {fileID: 1778271941780150042}
  m_Enabled: 1
  m_EditorHideFlags: 0
  m_Script: {fileID: 11500000, guid: 5b46a074d0bbb314e8a7e54a567c3e83, type: 3}
  m_Name: 
  m_EditorClassIdentifier: 
  m_Navigation:
    m_Mode: 3
    m_WrapAround: 0
    m_SelectOnUp: {fileID: 0}
    m_SelectOnDown: {fileID: 0}
    m_SelectOnLeft: {fileID: 0}
    m_SelectOnRight: {fileID: 0}
  m_Transition: 0
  m_Colors:
    m_NormalColor: {r: 1, g: 1, b: 1, a: 1}
    m_HighlightedColor: {r: 0.9607843, g: 0.9607843, b: 0.9607843, a: 1}
    m_PressedColor: {r: 0.78431374, g: 0.78431374, b: 0.78431374, a: 1}
    m_SelectedColor: {r: 0.9607843, g: 0.9607843, b: 0.9607843, a: 1}
    m_DisabledColor: {r: 0.78431374, g: 0.78431374, b: 0.78431374, a: 0.5019608}
    m_ColorMultiplier: 1
    m_FadeDuration: 0.1
  m_SpriteState:
    m_HighlightedSprite: {fileID: 0}
    m_PressedSprite: {fileID: 0}
    m_SelectedSprite: {fileID: 0}
    m_DisabledSprite: {fileID: 0}
  m_AnimationTriggers:
    m_NormalTrigger: Normal
    m_HighlightedTrigger: Highlighted
    m_PressedTrigger: Pressed
    m_SelectedTrigger: Selected
    m_DisabledTrigger: Disabled
  m_Interactable: 1
  m_TargetGraphic: {fileID: 0}
  movableAxes: 0
  onMoveDelta: 0.01
--- !u!65 &1778271941780150016
BoxCollider:
  m_ObjectHideFlags: 0
  m_CorrespondingSourceObject: {fileID: 0}
  m_PrefabInstance: {fileID: 0}
  m_PrefabAsset: {fileID: 0}
  m_GameObject: {fileID: 1778271941780150042}
  m_Material: {fileID: 0}
  m_IsTrigger: 0
  m_Enabled: 1
  serializedVersion: 2
  m_Size: {x: 48, y: 48, z: 26.38652}
  m_Center: {x: 0, y: 0, z: 4.6067348}
--- !u!114 &1778271941780150017
MonoBehaviour:
  m_ObjectHideFlags: 0
  m_CorrespondingSourceObject: {fileID: 0}
  m_PrefabInstance: {fileID: 0}
  m_PrefabAsset: {fileID: 0}
  m_GameObject: {fileID: 1778271941780150042}
  m_Enabled: 0
  m_EditorHideFlags: 0
  m_Script: {fileID: 11500000, guid: e13188787cfbdc945b510e90e9251420, type: 3}
  m_Name: 
  m_EditorClassIdentifier: 
  thisCollider: {fileID: 1778271941780150016}
  attachedRectTransform: {fileID: 1778271941780150021}
  padding: {x: 0, y: 0}
  forceUpdateEveryFrame: 0
--- !u!95 &1778271941780150022
Animator:
  serializedVersion: 5
  m_ObjectHideFlags: 0
  m_CorrespondingSourceObject: {fileID: 0}
  m_PrefabInstance: {fileID: 0}
  m_PrefabAsset: {fileID: 0}
  m_GameObject: {fileID: 1778271941780150042}
  m_Enabled: 0
  m_Avatar: {fileID: 0}
  m_Controller: {fileID: 0}
  m_CullingMode: 0
  m_UpdateMode: 0
  m_ApplyRootMotion: 0
  m_LinearVelocityBlending: 0
  m_StabilizeFeet: 0
  m_WarningMessage: 
  m_HasTransformHierarchy: 1
  m_AllowConstantClipSamplingOptimization: 1
  m_KeepAnimatorStateOnDisable: 1
--- !u!82 &1778271941780150020
AudioSource:
  m_ObjectHideFlags: 0
  m_CorrespondingSourceObject: {fileID: 0}
  m_PrefabInstance: {fileID: 0}
  m_PrefabAsset: {fileID: 0}
  m_GameObject: {fileID: 1778271941780150042}
  m_Enabled: 1
  serializedVersion: 4
  OutputAudioMixerGroup: {fileID: 0}
  m_audioClip: {fileID: 0}
  m_PlayOnAwake: 1
  m_Volume: 1
  m_Pitch: 1
  Loop: 0
  Mute: 0
  Spatialize: 0
  SpatializePostEffects: 0
  Priority: 128
  DopplerLevel: 1
  MinDistance: 1
  MaxDistance: 500
  Pan2D: 0
  rolloffMode: 0
  BypassEffects: 0
  BypassListenerEffects: 0
  BypassReverbZones: 0
  rolloffCustomCurve:
    serializedVersion: 2
    m_Curve:
    - serializedVersion: 3
      time: 0
      value: 1
      inSlope: 0
      outSlope: 0
      tangentMode: 0
      weightedMode: 0
      inWeight: 0.33333334
      outWeight: 0.33333334
    - serializedVersion: 3
      time: 1
      value: 0
      inSlope: 0
      outSlope: 0
      tangentMode: 0
      weightedMode: 0
      inWeight: 0.33333334
      outWeight: 0.33333334
    m_PreInfinity: 2
    m_PostInfinity: 2
    m_RotationOrder: 4
  panLevelCustomCurve:
    serializedVersion: 2
    m_Curve:
    - serializedVersion: 3
      time: 0
      value: 0
      inSlope: 0
      outSlope: 0
      tangentMode: 0
      weightedMode: 0
      inWeight: 0.33333334
      outWeight: 0.33333334
    m_PreInfinity: 2
    m_PostInfinity: 2
    m_RotationOrder: 4
  spreadCustomCurve:
    serializedVersion: 2
    m_Curve:
    - serializedVersion: 3
      time: 0
      value: 0
      inSlope: 0
      outSlope: 0
      tangentMode: 0
      weightedMode: 0
      inWeight: 0.33333334
      outWeight: 0.33333334
    m_PreInfinity: 2
    m_PostInfinity: 2
    m_RotationOrder: 4
  reverbZoneMixCustomCurve:
    serializedVersion: 2
    m_Curve:
    - serializedVersion: 3
      time: 0
      value: 1
      inSlope: 0
      outSlope: 0
      tangentMode: 0
      weightedMode: 0
      inWeight: 0.33333334
      outWeight: 0.33333334
    m_PreInfinity: 2
    m_PostInfinity: 2
    m_RotationOrder: 4
--- !u!114 &5994439781685540786
MonoBehaviour:
  m_ObjectHideFlags: 0
  m_CorrespondingSourceObject: {fileID: 0}
  m_PrefabInstance: {fileID: 0}
  m_PrefabAsset: {fileID: 0}
  m_GameObject: {fileID: 1778271941780150042}
  m_Enabled: 1
  m_EditorHideFlags: 0
  m_Script: {fileID: 11500000, guid: 02df0dfd31465cf42bd60027ac90b874, type: 3}
  m_Name: 
  m_EditorClassIdentifier: 
  stateContainers:
    entries:
    - key: Disabled
      value:
        effects:
        - rid: 0
        - rid: 1393819269385945089
        isVariable: 0
    - key: PassiveHover
      value:
        effects:
        - rid: 1
        - rid: 2
        isVariable: 0
    - key: ActiveHover
      value:
        effects:
        - rid: 3
        - rid: 4
        isVariable: 0
    - key: Select
      value:
        effects:
        - rid: 5
        isVariable: 1
    - key: Toggle
      value:
        effects:
        - rid: 6
        - rid: 1393819269385945090
        isVariable: 0
  interactable: {fileID: 1778271941780150018}
  animator: {fileID: 1778271941780150022}
  references:
    version: 2
    RefIds:
    - rid: 0
      type: {class: GraphicTintEffect, ns: MixedReality.Toolkit.UX, asm: MixedReality.Toolkit.UXCore}
      data:
        name: GraphicTint
        transitionDuration: 0.15
        tintables:
        - {fileID: 0}
        color: {r: 1, g: 1, b: 1, a: 0.5019608}
        playbackMode: 0
        blendMode: 2
    - rid: 1
      type: {class: AnimationEffect, ns: MixedReality.Toolkit.UX, asm: MixedReality.Toolkit.UXCore}
      data:
        name: Animation
        clip: {fileID: 7400000, guid: f8bf36502d9096a46abc953712b2eb77, type: 2}
        speed: 1
        playbackMode: 0
        weightMode: 0
        transitionDuration: 0
    - rid: 2
      type: {class: GraphicTintEffect, ns: MixedReality.Toolkit.UX, asm: MixedReality.Toolkit.UXCore}
      data:
        name: GraphicTint
        transitionDuration: 0.1
        tintables:
        - {fileID: 0}
        color: {r: 1, g: 1, b: 1, a: 1}
        playbackMode: 0
        blendMode: 0
    - rid: 3
      type: {class: AnimationEffect, ns: MixedReality.Toolkit.UX, asm: MixedReality.Toolkit.UXCore}
      data:
        name: Animation
        clip: {fileID: 7400000, guid: 79c6ab7b5799345418a0d9950c64e20e, type: 2}
        speed: 1
        playbackMode: 0
        weightMode: 0
        transitionDuration: 0
    - rid: 4
      type: {class: GraphicTintEffect, ns: MixedReality.Toolkit.UX, asm: MixedReality.Toolkit.UXCore}
      data:
        name: GraphicTint
        transitionDuration: 0.15
        tintables:
        - {fileID: 0}
        color: {r: 0, g: 0, b: 0, a: 0.2}
        playbackMode: 0
        blendMode: 1
    - rid: 5
      type: {class: AnimationEffect, ns: MixedReality.Toolkit.UX, asm: MixedReality.Toolkit.UXCore}
      data:
        name: Animation
        clip: {fileID: 7400000, guid: fff9d0b22f52a554c9e5b92efc3bf3af, type: 2}
        speed: 1
        playbackMode: 1
        weightMode: 0
        transitionDuration: 0
    - rid: 6
      type: {class: GraphicTintEffect, ns: MixedReality.Toolkit.UX, asm: MixedReality.Toolkit.UXCore}
      data:
        name: GraphicTint
        transitionDuration: 0.15
        tintables:
        - {fileID: 0}
        color: {r: 0, g: 0, b: 0, a: 0.2509804}
        playbackMode: 0
        blendMode: 1
    - rid: 1393819269385945089
      type: {class: GraphicTintEffect, ns: MixedReality.Toolkit.UX, asm: MixedReality.Toolkit.UXCore}
      data:
        name: GraphicTint
        transitionDuration: 0.15
        tintables:
        - {fileID: 0}
        - {fileID: 0}
        - {fileID: 0}
        - {fileID: 0}
        - {fileID: 0}
        color: {r: 1, g: 1, b: 1, a: 0.5019608}
        playbackMode: 0
        blendMode: 2
    - rid: 1393819269385945090
      type: {class: GraphicTintEffect, ns: MixedReality.Toolkit.UX, asm: MixedReality.Toolkit.UXCore}
      data:
        name: GraphicTint
        transitionDuration: 0.15
        tintables:
        - {fileID: 0}
        color: {r: 1, g: 1, b: 1, a: 1}
        playbackMode: 0
        blendMode: 0
--- !u!114 &5004044156575151561
MonoBehaviour:
  m_ObjectHideFlags: 0
  m_CorrespondingSourceObject: {fileID: 0}
  m_PrefabInstance: {fileID: 0}
  m_PrefabAsset: {fileID: 0}
  m_GameObject: {fileID: 1778271941780150042}
  m_Enabled: 1
  m_EditorHideFlags: 0
  m_Script: {fileID: 11500000, guid: f4aaae00f348ad04296135889ff09a14, type: 3}
  m_Name: 
  m_EditorClassIdentifier: 
  pulse: {fileID: 8769892563585652472}
--- !u!114 &1101505077349613603
MonoBehaviour:
  m_ObjectHideFlags: 0
  m_CorrespondingSourceObject: {fileID: 0}
  m_PrefabInstance: {fileID: 0}
  m_PrefabAsset: {fileID: 0}
  m_GameObject: {fileID: 1778271941780150042}
  m_Enabled: 1
  m_EditorHideFlags: 0
  m_Script: {fileID: 11500000, guid: 306cc8c2b49d7114eaa3623786fc2126, type: 3}
  m_Name: 
  m_EditorClassIdentifier: 
  m_IgnoreLayout: 0
  m_MinWidth: 48
  m_MinHeight: 48
  m_PreferredWidth: 48
  m_PreferredHeight: 48
  m_FlexibleWidth: -1
  m_FlexibleHeight: -1
  m_LayoutPriority: 1
--- !u!114 &3490436326965742316
MonoBehaviour:
  m_ObjectHideFlags: 0
  m_CorrespondingSourceObject: {fileID: 0}
  m_PrefabInstance: {fileID: 0}
  m_PrefabAsset: {fileID: 0}
  m_GameObject: {fileID: 1778271941780150042}
  m_Enabled: 1
  m_EditorHideFlags: 0
  m_Script: {fileID: 11500000, guid: 887413f36d993624185e96e7a5c71622, type: 3}
  m_Name: 
  m_EditorClassIdentifier: 
  seeItSayItLabel: {fileID: 386096628743645394}
  positionControl: {fileID: 0}
--- !u!1 &2167663219533546686
GameObject:
  m_ObjectHideFlags: 0
  m_CorrespondingSourceObject: {fileID: 0}
  m_PrefabInstance: {fileID: 0}
  m_PrefabAsset: {fileID: 0}
  serializedVersion: 6
  m_Component:
  - component: {fileID: 3175199246970809324}
  - component: {fileID: 1203429426102883829}
  - component: {fileID: 4024931959001643088}
  - component: {fileID: 7366981141342620057}
  m_Layer: 5
  m_Name: Title
  m_TagString: Untagged
  m_Icon: {fileID: 0}
  m_NavMeshLayer: 0
  m_StaticEditorFlags: 0
  m_IsActive: 1
--- !u!224 &3175199246970809324
RectTransform:
  m_ObjectHideFlags: 0
  m_CorrespondingSourceObject: {fileID: 0}
  m_PrefabInstance: {fileID: 0}
  m_PrefabAsset: {fileID: 0}
  m_GameObject: {fileID: 2167663219533546686}
  m_LocalRotation: {x: -0, y: -0, z: -0, w: 1}
  m_LocalPosition: {x: 0, y: 0, z: -0}
  m_LocalScale: {x: 1, y: 1, z: 1}
  m_ConstrainProportionsScale: 0
  m_Children: []
  m_Father: {fileID: 8544234636723295003}
  m_RootOrder: 1
  m_LocalEulerAnglesHint: {x: 0, y: 0, z: 0}
  m_AnchorMin: {x: 0, y: 0}
  m_AnchorMax: {x: 0, y: 0}
  m_AnchoredPosition: {x: 0, y: 0}
  m_SizeDelta: {x: 0, y: 0}
  m_Pivot: {x: 0.5, y: 0.5}
--- !u!222 &1203429426102883829
CanvasRenderer:
  m_ObjectHideFlags: 0
  m_CorrespondingSourceObject: {fileID: 0}
  m_PrefabInstance: {fileID: 0}
  m_PrefabAsset: {fileID: 0}
  m_GameObject: {fileID: 2167663219533546686}
  m_CullTransparentMesh: 1
--- !u!114 &4024931959001643088
MonoBehaviour:
  m_ObjectHideFlags: 0
  m_CorrespondingSourceObject: {fileID: 0}
  m_PrefabInstance: {fileID: 0}
  m_PrefabAsset: {fileID: 0}
  m_GameObject: {fileID: 2167663219533546686}
  m_Enabled: 1
  m_EditorHideFlags: 0
  m_Script: {fileID: 11500000, guid: f4688fdb7df04437aeb418b961361dc5, type: 3}
  m_Name: 
  m_EditorClassIdentifier: 
  m_Material: {fileID: 0}
  m_Color: {r: 1, g: 1, b: 1, a: 1}
  m_RaycastTarget: 1
  m_RaycastPadding: {x: 0, y: 0, z: 0, w: 0}
  m_Maskable: 1
  m_OnCullStateChanged:
    m_PersistentCalls:
      m_Calls: []
  m_text: Air Tap
  m_isRightToLeft: 0
  m_fontAsset: {fileID: 11400000, guid: 8f586378b4e144a9851e7b34d9b748ee, type: 2}
  m_sharedMaterial: {fileID: 2180264, guid: 8f586378b4e144a9851e7b34d9b748ee, type: 2}
  m_fontSharedMaterials: []
  m_fontMaterial: {fileID: 0}
  m_fontMaterials: []
  m_fontColor32:
    serializedVersion: 2
    rgba: 4293848814
  m_fontColor: {r: 0.9339623, g: 0.9339623, b: 0.9339623, a: 1}
  m_enableVertexGradient: 0
  m_colorMode: 3
  m_fontColorGradient:
    topLeft: {r: 1, g: 1, b: 1, a: 1}
    topRight: {r: 1, g: 1, b: 1, a: 1}
    bottomLeft: {r: 1, g: 1, b: 1, a: 1}
    bottomRight: {r: 1, g: 1, b: 1, a: 1}
  m_fontColorGradientPreset: {fileID: 0}
  m_spriteAsset: {fileID: 0}
  m_tintAllSprites: 0
  m_StyleSheet: {fileID: 0}
  m_TextStyleHashCode: -1183493901
  m_overrideHtmlColors: 0
  m_faceColor:
    serializedVersion: 2
    rgba: 4294967295
  m_fontSize: 12
  m_fontSizeBase: 12
  m_fontWeight: 400
  m_enableAutoSizing: 0
  m_fontSizeMin: 18
  m_fontSizeMax: 72
  m_fontStyle: 0
  m_HorizontalAlignment: 2
  m_VerticalAlignment: 256
  m_textAlignment: 65535
  m_characterSpacing: 0
  m_wordSpacing: 0
  m_lineSpacing: 0
  m_lineSpacingMax: 0
  m_paragraphSpacing: 0
  m_charWidthMaxAdj: 0
  m_enableWordWrapping: 1
  m_wordWrappingRatios: 0.4
  m_overflowMode: 0
  m_linkedTextComponent: {fileID: 0}
  parentLinkedComponent: {fileID: 0}
  m_enableKerning: 1
  m_enableExtraPadding: 0
  checkPaddingRequired: 0
  m_isRichText: 1
  m_parseCtrlCharacters: 1
  m_isOrthographic: 1
  m_isCullingEnabled: 0
  m_horizontalMapping: 0
  m_verticalMapping: 0
  m_uvLineOffset: 0
  m_geometrySortingOrder: 0
  m_IsTextObjectScaleStatic: 0
  m_VertexBufferAutoSizeReduction: 0
  m_useMaxVisibleDescender: 1
  m_pageToDisplay: 1
  m_margin: {x: 0, y: 0.029124223, z: 0, w: 0}
  m_isUsingLegacyAnimationComponent: 0
  m_isVolumetricText: 0
  m_hasFontAssetChanged: 0
  m_baseMaterial: {fileID: 0}
  m_maskOffset: {x: 0, y: 0, z: 0, w: 0}
--- !u!114 &7366981141342620057
MonoBehaviour:
  m_ObjectHideFlags: 0
  m_CorrespondingSourceObject: {fileID: 0}
  m_PrefabInstance: {fileID: 0}
  m_PrefabAsset: {fileID: 0}
  m_GameObject: {fileID: 2167663219533546686}
  m_Enabled: 1
  m_EditorHideFlags: 0
  m_Script: {fileID: 11500000, guid: 306cc8c2b49d7114eaa3623786fc2126, type: 3}
  m_Name: 
  m_EditorClassIdentifier: 
  m_IgnoreLayout: 0
  m_MinWidth: -1
  m_MinHeight: -1
  m_PreferredWidth: -1
  m_PreferredHeight: -1
  m_FlexibleWidth: -1
  m_FlexibleHeight: -1
  m_LayoutPriority: 1
--- !u!1 &5530448103383110489
GameObject:
  m_ObjectHideFlags: 0
  m_CorrespondingSourceObject: {fileID: 0}
  m_PrefabInstance: {fileID: 0}
  m_PrefabAsset: {fileID: 0}
  serializedVersion: 6
  m_Component:
  - component: {fileID: 8544234636723295003}
  - component: {fileID: 8347405557420015838}
  m_Layer: 5
  m_Name: LargeCheckboxToggleWithTitle
  m_TagString: Untagged
  m_Icon: {fileID: 0}
  m_NavMeshLayer: 0
  m_StaticEditorFlags: 0
  m_IsActive: 1
--- !u!224 &8544234636723295003
RectTransform:
  m_ObjectHideFlags: 0
  m_CorrespondingSourceObject: {fileID: 0}
  m_PrefabInstance: {fileID: 0}
  m_PrefabAsset: {fileID: 0}
  m_GameObject: {fileID: 5530448103383110489}
  m_LocalRotation: {x: -0, y: -0, z: -0, w: 1}
  m_LocalPosition: {x: 0, y: 0, z: 0}
  m_LocalScale: {x: 1, y: 1, z: 1}
  m_ConstrainProportionsScale: 0
  m_Children:
  - {fileID: 1778271941780150021}
  - {fileID: 3175199246970809324}
  m_Father: {fileID: 0}
  m_RootOrder: 0
  m_LocalEulerAnglesHint: {x: 0, y: 0, z: 0}
  m_AnchorMin: {x: 0, y: 0}
  m_AnchorMax: {x: 0, y: 0}
  m_AnchoredPosition: {x: 0, y: 0}
  m_SizeDelta: {x: 0, y: 36}
  m_Pivot: {x: 0.5, y: 0.5}
--- !u!114 &8347405557420015838
MonoBehaviour:
  m_ObjectHideFlags: 0
  m_CorrespondingSourceObject: {fileID: 0}
  m_PrefabInstance: {fileID: 0}
  m_PrefabAsset: {fileID: 0}
  m_GameObject: {fileID: 5530448103383110489}
  m_Enabled: 1
  m_EditorHideFlags: 0
  m_Script: {fileID: 11500000, guid: 59f8146938fff824cb5fd77236b75775, type: 3}
  m_Name: 
  m_EditorClassIdentifier: 
  m_Padding:
    m_Left: 0
    m_Right: 0
    m_Top: 0
    m_Bottom: 0
  m_ChildAlignment: 4
  m_Spacing: 5
  m_ChildForceExpandWidth: 0
  m_ChildForceExpandHeight: 0
  m_ChildControlWidth: 1
  m_ChildControlHeight: 1
  m_ChildScaleWidth: 0
  m_ChildScaleHeight: 0
  m_ReverseArrangement: 0
--- !u!1 &6234648834613910843
GameObject:
  m_ObjectHideFlags: 0
  m_CorrespondingSourceObject: {fileID: 0}
  m_PrefabInstance: {fileID: 0}
  m_PrefabAsset: {fileID: 0}
  serializedVersion: 6
  m_Component:
  - component: {fileID: 6234648834613910842}
  - component: {fileID: 6234648834613910847}
  - component: {fileID: 6234648834613910840}
  - component: {fileID: 6234648834613910841}
  m_Layer: 5
  m_Name: Backplate
  m_TagString: Untagged
  m_Icon: {fileID: 0}
  m_NavMeshLayer: 0
  m_StaticEditorFlags: 0
  m_IsActive: 1
--- !u!224 &6234648834613910842
RectTransform:
  m_ObjectHideFlags: 0
  m_CorrespondingSourceObject: {fileID: 0}
  m_PrefabInstance: {fileID: 0}
  m_PrefabAsset: {fileID: 0}
  m_GameObject: {fileID: 6234648834613910843}
  m_LocalRotation: {x: -0, y: -0, z: -0, w: 1}
  m_LocalPosition: {x: 0, y: 0, z: -0.1}
  m_LocalScale: {x: 1, y: 1, z: 1}
  m_ConstrainProportionsScale: 0
  m_Children: []
  m_Father: {fileID: 1778271941780150021}
  m_RootOrder: 0
  m_LocalEulerAnglesHint: {x: 0, y: 0, z: 0}
  m_AnchorMin: {x: 0, y: 0}
  m_AnchorMax: {x: 1, y: 1}
  m_AnchoredPosition: {x: 0, y: 0}
  m_SizeDelta: {x: -2, y: -2}
  m_Pivot: {x: 0.5, y: 0.5}
--- !u!222 &6234648834613910847
CanvasRenderer:
  m_ObjectHideFlags: 0
  m_CorrespondingSourceObject: {fileID: 0}
  m_PrefabInstance: {fileID: 0}
  m_PrefabAsset: {fileID: 0}
  m_GameObject: {fileID: 6234648834613910843}
  m_CullTransparentMesh: 1
--- !u!114 &6234648834613910840
MonoBehaviour:
  m_ObjectHideFlags: 0
  m_CorrespondingSourceObject: {fileID: 0}
  m_PrefabInstance: {fileID: 0}
  m_PrefabAsset: {fileID: 0}
  m_GameObject: {fileID: 6234648834613910843}
  m_Enabled: 1
  m_EditorHideFlags: 0
  m_Script: {fileID: 11500000, guid: 1344c3c82d62a2a41a3576d8abb8e3ea, type: 3}
  m_Name: 
  m_EditorClassIdentifier: 
  m_Material: {fileID: 2100000, guid: 6b655830bd028c1408f3e8844fb6aed0, type: 2}
  m_Color: {r: 0.5911949, g: 0.84630823, b: 1, a: 0.2}
  m_RaycastTarget: 0
  m_RaycastPadding: {x: 0, y: 0, z: 0, w: 0}
  m_Maskable: 1
  m_OnCullStateChanged:
    m_PersistentCalls:
      m_Calls: []
  m_Texture: {fileID: 0}
  m_UVRect:
    serializedVersion: 2
    x: 0
    y: 0
    width: 1
    height: 1
--- !u!114 &6234648834613910841
MonoBehaviour:
  m_ObjectHideFlags: 0
  m_CorrespondingSourceObject: {fileID: 0}
  m_PrefabInstance: {fileID: 0}
  m_PrefabAsset: {fileID: 0}
  m_GameObject: {fileID: 6234648834613910843}
  m_Enabled: 1
  m_EditorHideFlags: 0
  m_Script: {fileID: 11500000, guid: 0fda4953718e0264291c42cb2a637fb5, type: 3}
  m_Name: 
  m_EditorClassIdentifier: 
--- !u!1001 &939867233038780918
PrefabInstance:
  m_ObjectHideFlags: 0
  serializedVersion: 2
  m_Modification:
    m_TransformParent: {fileID: 1778271941780150021}
    m_Modifications:
    - target: {fileID: 1203832545719423472, guid: f9ae8e304f5c6864980818dec2c95633, type: 3}
      propertyPath: m_SizeDelta.x
      value: 48
      objectReference: {fileID: 0}
    - target: {fileID: 1203832545719423472, guid: f9ae8e304f5c6864980818dec2c95633, type: 3}
      propertyPath: m_SizeDelta.y
      value: 48
      objectReference: {fileID: 0}
    - target: {fileID: 1345098608517470577, guid: f9ae8e304f5c6864980818dec2c95633, type: 3}
      propertyPath: m_Name
      value: Checkbox
      objectReference: {fileID: 0}
    - target: {fileID: 3514389556853228399, guid: f9ae8e304f5c6864980818dec2c95633, type: 3}
      propertyPath: m_Pivot.x
      value: 0.5
      objectReference: {fileID: 0}
    - target: {fileID: 3514389556853228399, guid: f9ae8e304f5c6864980818dec2c95633, type: 3}
      propertyPath: m_Pivot.y
      value: 0.5
      objectReference: {fileID: 0}
    - target: {fileID: 3514389556853228399, guid: f9ae8e304f5c6864980818dec2c95633, type: 3}
      propertyPath: m_RootOrder
      value: 3
      objectReference: {fileID: 0}
    - target: {fileID: 3514389556853228399, guid: f9ae8e304f5c6864980818dec2c95633, type: 3}
      propertyPath: m_AnchorMax.x
      value: 0.5
      objectReference: {fileID: 0}
    - target: {fileID: 3514389556853228399, guid: f9ae8e304f5c6864980818dec2c95633, type: 3}
      propertyPath: m_AnchorMax.y
      value: 0.5
      objectReference: {fileID: 0}
    - target: {fileID: 3514389556853228399, guid: f9ae8e304f5c6864980818dec2c95633, type: 3}
      propertyPath: m_AnchorMin.x
      value: 0.5
      objectReference: {fileID: 0}
    - target: {fileID: 3514389556853228399, guid: f9ae8e304f5c6864980818dec2c95633, type: 3}
      propertyPath: m_AnchorMin.y
      value: 0.5
      objectReference: {fileID: 0}
    - target: {fileID: 3514389556853228399, guid: f9ae8e304f5c6864980818dec2c95633, type: 3}
      propertyPath: m_SizeDelta.x
      value: 16
      objectReference: {fileID: 0}
    - target: {fileID: 3514389556853228399, guid: f9ae8e304f5c6864980818dec2c95633, type: 3}
      propertyPath: m_SizeDelta.y
      value: 16
      objectReference: {fileID: 0}
    - target: {fileID: 3514389556853228399, guid: f9ae8e304f5c6864980818dec2c95633, type: 3}
      propertyPath: m_LocalPosition.x
      value: 0
      objectReference: {fileID: 0}
    - target: {fileID: 3514389556853228399, guid: f9ae8e304f5c6864980818dec2c95633, type: 3}
      propertyPath: m_LocalPosition.y
      value: 0
      objectReference: {fileID: 0}
    - target: {fileID: 3514389556853228399, guid: f9ae8e304f5c6864980818dec2c95633, type: 3}
      propertyPath: m_LocalPosition.z
      value: -1
      objectReference: {fileID: 0}
    - target: {fileID: 3514389556853228399, guid: f9ae8e304f5c6864980818dec2c95633, type: 3}
      propertyPath: m_LocalRotation.w
      value: 1
      objectReference: {fileID: 0}
    - target: {fileID: 3514389556853228399, guid: f9ae8e304f5c6864980818dec2c95633, type: 3}
      propertyPath: m_LocalRotation.x
      value: -0
      objectReference: {fileID: 0}
    - target: {fileID: 3514389556853228399, guid: f9ae8e304f5c6864980818dec2c95633, type: 3}
      propertyPath: m_LocalRotation.y
      value: -0
      objectReference: {fileID: 0}
    - target: {fileID: 3514389556853228399, guid: f9ae8e304f5c6864980818dec2c95633, type: 3}
      propertyPath: m_LocalRotation.z
      value: -0
      objectReference: {fileID: 0}
    - target: {fileID: 3514389556853228399, guid: f9ae8e304f5c6864980818dec2c95633, type: 3}
      propertyPath: m_AnchoredPosition.x
      value: 0
      objectReference: {fileID: 0}
    - target: {fileID: 3514389556853228399, guid: f9ae8e304f5c6864980818dec2c95633, type: 3}
      propertyPath: m_AnchoredPosition.y
      value: 0
      objectReference: {fileID: 0}
    - target: {fileID: 3514389556853228399, guid: f9ae8e304f5c6864980818dec2c95633, type: 3}
      propertyPath: m_LocalEulerAnglesHint.x
      value: 0
      objectReference: {fileID: 0}
    - target: {fileID: 3514389556853228399, guid: f9ae8e304f5c6864980818dec2c95633, type: 3}
      propertyPath: m_LocalEulerAnglesHint.y
      value: 0
      objectReference: {fileID: 0}
    - target: {fileID: 3514389556853228399, guid: f9ae8e304f5c6864980818dec2c95633, type: 3}
      propertyPath: m_LocalEulerAnglesHint.z
      value: 0
      objectReference: {fileID: 0}
    - target: {fileID: 6434074875067239604, guid: f9ae8e304f5c6864980818dec2c95633, type: 3}
      propertyPath: interactable
      value: 
      objectReference: {fileID: 1778271941780150018}
    m_RemovedComponents: []
  m_SourcePrefab: {fileID: 100100000, guid: f9ae8e304f5c6864980818dec2c95633, type: 3}
--- !u!224 &4453649820281342617 stripped
RectTransform:
  m_CorrespondingSourceObject: {fileID: 3514389556853228399, guid: f9ae8e304f5c6864980818dec2c95633, type: 3}
  m_PrefabInstance: {fileID: 939867233038780918}
  m_PrefabAsset: {fileID: 0}
--- !u!1001 &2743503410984337981
PrefabInstance:
  m_ObjectHideFlags: 0
  serializedVersion: 2
  m_Modification:
    m_TransformParent: {fileID: 1778271941780150021}
    m_Modifications:
    - target: {fileID: 1400135068623992445, guid: d9e84b5a8037fd946aa503a059fee93f, type: 3}
      propertyPath: m_IsActive
      value: 0
      objectReference: {fileID: 0}
    - target: {fileID: 2542652557800958703, guid: d9e84b5a8037fd946aa503a059fee93f, type: 3}
      propertyPath: m_Name
      value: SeeItSayItLabel-Canvas
      objectReference: {fileID: 0}
    - target: {fileID: 2542652557800958703, guid: d9e84b5a8037fd946aa503a059fee93f, type: 3}
      propertyPath: m_IsActive
      value: 0
      objectReference: {fileID: 0}
    - target: {fileID: 2648010737493403592, guid: d9e84b5a8037fd946aa503a059fee93f, type: 3}
      propertyPath: m_LocalPosition.z
      value: -10
      objectReference: {fileID: 0}
    - target: {fileID: 2648010737493403592, guid: d9e84b5a8037fd946aa503a059fee93f, type: 3}
      propertyPath: m_AnchoredPosition.x
      value: 50
      objectReference: {fileID: 0}
    - target: {fileID: 2648010737493403592, guid: d9e84b5a8037fd946aa503a059fee93f, type: 3}
      propertyPath: m_AnchoredPosition.y
      value: 26.3
      objectReference: {fileID: 0}
    - target: {fileID: 4142207705701966788, guid: d9e84b5a8037fd946aa503a059fee93f, type: 3}
      propertyPath: interactable
      value: 
      objectReference: {fileID: 1778271941780150018}
    - target: {fileID: 6129546144166981335, guid: d9e84b5a8037fd946aa503a059fee93f, type: 3}
      propertyPath: m_SizeDelta.x
      value: 36
      objectReference: {fileID: 0}
    - target: {fileID: 6129546144166981335, guid: d9e84b5a8037fd946aa503a059fee93f, type: 3}
      propertyPath: m_SizeDelta.y
      value: 10
      objectReference: {fileID: 0}
    - target: {fileID: 8174497233233282343, guid: d9e84b5a8037fd946aa503a059fee93f, type: 3}
      propertyPath: m_Pivot.x
      value: 0.5
      objectReference: {fileID: 0}
    - target: {fileID: 8174497233233282343, guid: d9e84b5a8037fd946aa503a059fee93f, type: 3}
      propertyPath: m_Pivot.y
      value: 0.5
      objectReference: {fileID: 0}
    - target: {fileID: 8174497233233282343, guid: d9e84b5a8037fd946aa503a059fee93f, type: 3}
      propertyPath: m_RootOrder
      value: 4
      objectReference: {fileID: 0}
    - target: {fileID: 8174497233233282343, guid: d9e84b5a8037fd946aa503a059fee93f, type: 3}
      propertyPath: m_AnchorMax.x
      value: 0.5
      objectReference: {fileID: 0}
    - target: {fileID: 8174497233233282343, guid: d9e84b5a8037fd946aa503a059fee93f, type: 3}
      propertyPath: m_AnchorMax.y
      value: 1
      objectReference: {fileID: 0}
    - target: {fileID: 8174497233233282343, guid: d9e84b5a8037fd946aa503a059fee93f, type: 3}
      propertyPath: m_AnchorMin.x
      value: 0.5
      objectReference: {fileID: 0}
    - target: {fileID: 8174497233233282343, guid: d9e84b5a8037fd946aa503a059fee93f, type: 3}
      propertyPath: m_AnchorMin.y
      value: 0
      objectReference: {fileID: 0}
    - target: {fileID: 8174497233233282343, guid: d9e84b5a8037fd946aa503a059fee93f, type: 3}
      propertyPath: m_SizeDelta.x
      value: 100
      objectReference: {fileID: 0}
    - target: {fileID: 8174497233233282343, guid: d9e84b5a8037fd946aa503a059fee93f, type: 3}
      propertyPath: m_SizeDelta.y
      value: 68
      objectReference: {fileID: 0}
    - target: {fileID: 8174497233233282343, guid: d9e84b5a8037fd946aa503a059fee93f, type: 3}
      propertyPath: m_LocalPosition.x
      value: 0
      objectReference: {fileID: 0}
    - target: {fileID: 8174497233233282343, guid: d9e84b5a8037fd946aa503a059fee93f, type: 3}
      propertyPath: m_LocalPosition.y
      value: 0
      objectReference: {fileID: 0}
    - target: {fileID: 8174497233233282343, guid: d9e84b5a8037fd946aa503a059fee93f, type: 3}
      propertyPath: m_LocalPosition.z
      value: 0
      objectReference: {fileID: 0}
    - target: {fileID: 8174497233233282343, guid: d9e84b5a8037fd946aa503a059fee93f, type: 3}
      propertyPath: m_LocalRotation.w
      value: 1
      objectReference: {fileID: 0}
    - target: {fileID: 8174497233233282343, guid: d9e84b5a8037fd946aa503a059fee93f, type: 3}
      propertyPath: m_LocalRotation.x
      value: 0
      objectReference: {fileID: 0}
    - target: {fileID: 8174497233233282343, guid: d9e84b5a8037fd946aa503a059fee93f, type: 3}
      propertyPath: m_LocalRotation.y
      value: 0
      objectReference: {fileID: 0}
    - target: {fileID: 8174497233233282343, guid: d9e84b5a8037fd946aa503a059fee93f, type: 3}
      propertyPath: m_LocalRotation.z
      value: 0
      objectReference: {fileID: 0}
    - target: {fileID: 8174497233233282343, guid: d9e84b5a8037fd946aa503a059fee93f, type: 3}
      propertyPath: m_AnchoredPosition.x
      value: 0
      objectReference: {fileID: 0}
    - target: {fileID: 8174497233233282343, guid: d9e84b5a8037fd946aa503a059fee93f, type: 3}
      propertyPath: m_AnchoredPosition.y
      value: 0
      objectReference: {fileID: 0}
    - target: {fileID: 8174497233233282343, guid: d9e84b5a8037fd946aa503a059fee93f, type: 3}
      propertyPath: m_LocalEulerAnglesHint.x
      value: 0
      objectReference: {fileID: 0}
    - target: {fileID: 8174497233233282343, guid: d9e84b5a8037fd946aa503a059fee93f, type: 3}
      propertyPath: m_LocalEulerAnglesHint.y
      value: 0
      objectReference: {fileID: 0}
    - target: {fileID: 8174497233233282343, guid: d9e84b5a8037fd946aa503a059fee93f, type: 3}
      propertyPath: m_LocalEulerAnglesHint.z
      value: 0
      objectReference: {fileID: 0}
    - target: {fileID: 8947839890988736513, guid: d9e84b5a8037fd946aa503a059fee93f, type: 3}
      propertyPath: m_AnchorMax.y
      value: 1
      objectReference: {fileID: 0}
    - target: {fileID: 8947839890988736513, guid: d9e84b5a8037fd946aa503a059fee93f, type: 3}
      propertyPath: m_AnchorMin.y
      value: 1
      objectReference: {fileID: 0}
    - target: {fileID: 8947839890988736513, guid: d9e84b5a8037fd946aa503a059fee93f, type: 3}
      propertyPath: m_AnchoredPosition.x
      value: 18
      objectReference: {fileID: 0}
    - target: {fileID: 8947839890988736513, guid: d9e84b5a8037fd946aa503a059fee93f, type: 3}
      propertyPath: m_AnchoredPosition.y
      value: -5
      objectReference: {fileID: 0}
    m_RemovedComponents: []
  m_SourcePrefab: {fileID: 100100000, guid: d9e84b5a8037fd946aa503a059fee93f, type: 3}
--- !u!1 &386096628743645394 stripped
GameObject:
  m_CorrespondingSourceObject: {fileID: 2542652557800958703, guid: d9e84b5a8037fd946aa503a059fee93f, type: 3}
  m_PrefabInstance: {fileID: 2743503410984337981}
  m_PrefabAsset: {fileID: 0}
--- !u!224 &6296951734246033178 stripped
RectTransform:
  m_CorrespondingSourceObject: {fileID: 8174497233233282343, guid: d9e84b5a8037fd946aa503a059fee93f, type: 3}
  m_PrefabInstance: {fileID: 2743503410984337981}
  m_PrefabAsset: {fileID: 0}
