%YAML 1.1
%TAG !u! tag:unity3d.com,2011:
--- !u!1 &1271720313088190408
GameObject:
  m_ObjectHideFlags: 0
  m_CorrespondingSourceObject: {fileID: 0}
  m_PrefabInstance: {fileID: 0}
  m_PrefabAsset: {fileID: 0}
  serializedVersion: 6
  m_Component:
  - component: {fileID: 2594675598368311541}
  - component: {fileID: 7005095676438577470}
  - component: {fileID: 2930485697288409510}
  - component: {fileID: 6472683382877143905}
  - component: {fileID: -5836870780010207368}
  - component: {fileID: 3834558546927987078}
  - component: {fileID: 6828976180041326659}
  m_Layer: 0
  m_Name: Inferior leaflet of right atrioventricular valve
  m_TagString: Untagged
  m_Icon: {fileID: 0}
  m_NavMeshLayer: 0
  m_StaticEditorFlags: 0
  m_IsActive: 1
--- !u!4 &2594675598368311541
Transform:
  m_ObjectHideFlags: 0
  m_CorrespondingSourceObject: {fileID: 0}
  m_PrefabInstance: {fileID: 0}
  m_PrefabAsset: {fileID: 0}
  m_GameObject: {fileID: 1271720313088190408}
  m_LocalRotation: {x: -0.0000000035550094, y: 0.7071067, z: 0.7071068, w: 2.9555658e-10}
  m_LocalPosition: {x: -0.00189811, y: 1.268666, z: -0.032225803}
  m_LocalScale: {x: 99.999985, y: 100, z: 100}
  m_ConstrainProportionsScale: 0
  m_Children: []
  m_Father: {fileID: 0}
  m_RootOrder: 0
  m_LocalEulerAnglesHint: {x: 0, y: 0, z: 0}
--- !u!33 &7005095676438577470
MeshFilter:
  m_ObjectHideFlags: 0
  m_CorrespondingSourceObject: {fileID: 0}
  m_PrefabInstance: {fileID: 0}
  m_PrefabAsset: {fileID: 0}
  m_GameObject: {fileID: 1271720313088190408}
  m_Mesh: {fileID: -270389429990890841, guid: 81dd8334a5638b446966914de7db2416, type: 3}
--- !u!23 &2930485697288409510
MeshRenderer:
  m_ObjectHideFlags: 0
  m_CorrespondingSourceObject: {fileID: 0}
  m_PrefabInstance: {fileID: 0}
  m_PrefabAsset: {fileID: 0}
  m_GameObject: {fileID: 1271720313088190408}
  m_Enabled: 1
  m_CastShadows: 1
  m_ReceiveShadows: 1
  m_DynamicOccludee: 1
  m_StaticShadowCaster: 0
  m_MotionVectors: 1
  m_LightProbeUsage: 1
  m_ReflectionProbeUsage: 1
  m_RayTracingMode: 2
  m_RayTraceProcedural: 0
  m_RenderingLayerMask: 1
  m_RendererPriority: 0
  m_Materials:
  - {fileID: -7703449657271726502, guid: 81dd8334a5638b446966914de7db2416, type: 3}
  m_StaticBatchInfo:
    firstSubMesh: 0
    subMeshCount: 0
  m_StaticBatchRoot: {fileID: 0}
  m_ProbeAnchor: {fileID: 0}
  m_LightProbeVolumeOverride: {fileID: 0}
  m_ScaleInLightmap: 1
  m_ReceiveGI: 1
  m_PreserveUVs: 0
  m_IgnoreNormalsForChartDetection: 0
  m_ImportantGI: 0
  m_StitchLightmapSeams: 1
  m_SelectedEditorRenderState: 3
  m_MinimumChartSize: 4
  m_AutoUVMaxDistance: 0.5
  m_AutoUVMaxAngle: 89
  m_LightmapParameters: {fileID: 0}
  m_SortingLayerID: 0
  m_SortingLayer: 0
  m_SortingOrder: 0
  m_AdditionalVertexStreams: {fileID: 0}
--- !u!114 &6472683382877143905
MonoBehaviour:
  m_ObjectHideFlags: 0
  m_CorrespondingSourceObject: {fileID: 0}
  m_PrefabInstance: {fileID: 0}
  m_PrefabAsset: {fileID: 0}
  m_GameObject: {fileID: 1271720313088190408}
  m_Enabled: 1
  m_EditorHideFlags: 0
  m_Script: {fileID: 11500000, guid: d5a57f767e5e46a458fc5d3c628d0cbb, type: 3}
  m_Name: 
  m_EditorClassIdentifier: 
  GlobalObjectIdHash: 951099334
  AlwaysReplicateAsRoot: 0
  SynchronizeTransform: 1
  ActiveSceneSynchronization: 0
  SceneMigrationSynchronization: 1
  SpawnWithObservers: 1
  DontDestroyWithOwner: 0
  AutoObjectParentSync: 1
--- !u!114 &-5836870780010207368
MonoBehaviour:
  m_ObjectHideFlags: 0
  m_CorrespondingSourceObject: {fileID: 0}
  m_PrefabInstance: {fileID: 0}
  m_PrefabAsset: {fileID: 0}
  m_GameObject: {fileID: 1271720313088190408}
  m_Enabled: 1
  m_EditorHideFlags: 0
  m_Script: {fileID: 11500000, guid: 42781745f40a9e14489e8a0229156383, type: 3}
  m_Name: 
  m_EditorClassIdentifier: 
  isHidden:
    m_InternalValue: 0
  isFaded:
    m_InternalValue: 0
  InitialLocalTransform:
    localPosition: {x: 0, y: 0, z: 0}
    localRotation: {x: 0, y: 0, z: 0, w: 0}
    localScale: {x: 0, y: 0, z: 0}
  InitialLocalBounds:
    m_Center: {x: 0, y: 0, z: 0}
    m_Extent: {x: 0, y: 0, z: 0}
  FittedLocalTransform:
    localPosition: {x: 0, y: 0, z: 0}
    localRotation: {x: 0, y: 0, z: 0, w: 0}
    localScale: {x: 0, y: 0, z: 0}
  FittedLocalBounds:
    m_Center: {x: 0, y: 0, z: 0}
    m_Extent: {x: 0, y: 0, z: 0}
  Idx: 0
--- !u!114 &3834558546927987078
MonoBehaviour:
  m_ObjectHideFlags: 0
  m_CorrespondingSourceObject: {fileID: 0}
  m_PrefabInstance: {fileID: 0}
  m_PrefabAsset: {fileID: 0}
  m_GameObject: {fileID: 1271720313088190408}
  m_Enabled: 1
  m_EditorHideFlags: 0
  m_Script: {fileID: 11500000, guid: 7bc5383af41b3154584242afbe6ebd46, type: 3}
  m_Name: 
  m_EditorClassIdentifier: 
  SyncPositionX: 1
  SyncPositionY: 1
  SyncPositionZ: 1
  SyncRotAngleX: 1
  SyncRotAngleY: 1
  SyncRotAngleZ: 1
  SyncScaleX: 1
  SyncScaleY: 1
  SyncScaleZ: 1
  PositionThreshold: 0.001
  RotAngleThreshold: 0.01
  ScaleThreshold: 0.01
  UseQuaternionSynchronization: 0
  UseQuaternionCompression: 0
  UseHalfFloatPrecision: 0
  InLocalSpace: 1
  Interpolate: 1
  SlerpPosition: 0
--- !u!114 &6828976180041326659
MonoBehaviour:
  m_ObjectHideFlags: 0
  m_CorrespondingSourceObject: {fileID: 0}
  m_PrefabInstance: {fileID: 0}
  m_PrefabAsset: {fileID: 0}
  m_GameObject: {fileID: 1271720313088190408}
  m_Enabled: 1
  m_EditorHideFlags: 0
  m_Script: {fileID: 11500000, guid: 5721ae00aaec0a0489553ee68aeb97ef, type: 3}
  m_Name: 
  m_EditorClassIdentifier: 
